4330 5914
203 579 385 656 irrorcr.10.]
653 575 855 639 ΗΙΒΤΟΙΗΑ
876 572 1173 635 olrtollllrlce.
1563 575 1624 636 733

203 717 341 806 Treuga
357 731 498 806 quoque
518 731 565 783 ex
588 719 736 806 utraque
753 723 852 807 parte
876 721 946 783 tam
968 709 1167 782 hominibus
1189 731 1293 803 quam
1318 710 1424 782 rebus
1442 711 1623 804 utriusque

204 838 319 910 fratris
339 836 406 907 luit
423 835 570 908 fideliter
586 837 849 932 compromissa,
870 834 1025 928 exceptis
1045 833 1113 905 illis
1135 833 1197 927 qui
1216 842 1324 906 morte
1347 833 1521 928 Popponie
1542 835 1623 905 cul-

205 963 339 1058 pabiles
362 961 547 1034 extiterant
562 983 627 1034 nec
644 983 682 1036 se
706 971 846 1058 possent
860 960 1068 1033 credibiliter
1090 981 1297 1054 expurgare.
1318 959 1399 1030 Post
1418 958 1483 1030 heo
1506 957 1622 1030 omnia

205 1089 357 1181 prelatus
378 1107 495 1158 comes
511 1085 608 1179 quod
624 1087 690 1158 hec
704 1087 821 1160 omnia
841 1095 1060 1158 conservaret
1083 1093 1122 1154 ut
1144 1084 1272 1180 scripta
1291 1092 1373 1155 sunt
1396 1083 1618 1170 inconvulsa,

205 1210 276 1282 lide
292 1211 374 1284 data
392 1207 465 1308 [in]
485 1231 588 1281 manu
610 1211 733 1284 decani
752 1209 966 1284 Pataviensis
987 1207 1134 1281 fideliter
1155 1207 1350 1302 repromisit
1374 1216 1409 1280 et
1425 1208 1620 1298 juramento

203 1334 345 1429 prestito
372 1333 607 1424 confirmavit3
632 1336 677 1407 Vl
706 1357 846 1429 quoque
870 1334 916 1406 de
940 1333 1221 1405 ministerialibus
1247 1331 1320 1404 suis
1338 1330 1410 1404 fide
1427 1333 1507 1406 data
1525 1330 1618 1406 idem

204 1460 344 1554 penitus
360 1460 591 1554 promiserunt
606 1469 641 1533 et
661 1483 725 1534 suo
740 1460 965 1534 firmaverunt
982 1469 1098 1553 postea
1114 1459 1322 1550 juramento.

251 1585 426 1676 Rogamus
450 1582 568 1678 itaque
586 1593 621 1658 et
643 1586 710 1657 sub
728 1585 870 1658 obtentu
890 1584 999 1677 gratie
1015 1591 1129 1656 nostre
1151 1583 1215 1654 tihi
1238 1581 1380 1654 firmiter
1396 1581 1619 1678 precipiendo

202 1707 413 1780 mandamus
430 1718 602 1804 quatenus
620 1713 720 1804 juxta
740 1709 846 1802 hujus
871 1709 989 1805 scripti
1012 1718 1164 1782 tenorem
1187 1708 1396 1804 promissum
1418 1705 1619 1798 hujusmodi

202 1831 272 1928 ipsi
294 1833 403 1906 electo
417 1842 452 1906 et
467 1835 612 1907 ecclesie
628 1835 729 1929 plene
748 1834 892 1930 solvas(
919 1833 945 1928 ).

256 2399 462 2508 flandrus,
490 2399 752 2484 Romanorum
782 2426 869 2506 rex,
903 2409 1026 2482 ratam
1062 2399 1178 2483 babel
1210 2399 1455 2483 donationem
1479 2425 1615 2483 coram

201 2533 379 2642 episcopo
394 2541 432 2616 et
449 2534 674 2618 consiliariis
687 2533 922 2618 Wormatiae
935 2533 1109 2618 coenobio
1126 2533 1260 2617 beatae
1277 2534 1417 2619 Mariae
1435 2533 1473 2614 in
1490 2534 1616 2620 Ottor-

202 2665 305 2782 burg
322 2666 463 2749 factam
486 2694 509 2750 a
536 2668 745 2754 Rudewino
763 2668 883 2750 milite
899 2668 948 2750 de
965 2666 1224 2749 Flamburnen
1248 2677 1285 2750 et
1307 2667 1511 2752 Massivilia
1533 2667 1616 2778 ejus

202 2783 341 2905 uxore,
361 2801 410 2883 de
426 2810 534 2884 curte
547 2803 716 2911 quadam
734 2801 968 2886 Wormatiae
987 2801 1072 2884 sita.

285 3015 550 3093 (aduersarer
564 3017 725 3092 murra,
744 3013 973 3078 llrlrrndrrrbuclr
986 3013 1034 3075 dar
1048 3011 1139 3076 Kloat.
1158 3011 1316 3092 orrerlcrq,
1326 3024 1358 3074 u⁰
1370 3013 1434 3096 lt.)

249 3201 431 3275 Heimicus
449 3204 511 3276 Dei
535 3205 646 3299 gratia
674 3207 905 3278 Romanorum
931 3226 997 3278 rex
1020 3213 1054 3276 et
1079 3225 1214 3299 semper
1236 3214 1406 3298 augustus
1435 3203 1470 3274 in
1489 3225 1616 3300 perpe-

199 3331 314 3396 tuum.
339 3325 465 3398 Notum
492 3327 537 3400 sit
563 3328 737 3401 universis
759 3327 884 3400 Christi
909 3326 1071 3400 fidelibus
1099 3327 1146 3401 ad
1172 3347 1261 3423 quos
1283 3349 1425 3424 presens
1449 3329 1612 3424 scriptum

198 3449 397 3542 pervenerit
418 3451 515 3546 quod
536 3453 754 3526 Rudewinus
769 3453 869 3526 miles
890 3452 935 3526 de
958 3451 1209 3542 Flamburnen‚
1229 3451 1284 3523 vir
1306 3453 1398 3524 bone
1420 3453 1612 3548 opinionis,

198 3571 274 3644 uelo
293 3573 429 3646 Domini
447 3597 627 3668 accensus,
639 3587 770 3650 curtem
787 3577 975 3650 Wormatie
992 3577 1108 3662 sitam,
1121 3599 1227 3673 qoam
1241 3597 1321 3650 cum
1341 3577 1528 3650 attinentiis
1542 3578 1615 3650 suis

197 3698 330 3771 aJutta
347 3697 456 3772 vidua
474 3700 624 3773 Heinrici
638 3702 870 3796 Emeringeris
886 3710 920 3774 et
939 3701 1095 3775 aliberis
1111 3701 1286 3794 ejusdcm,
1305 3701 1435 3774 scilicet
1453 3702 1611 3794 Petrissa,

196 3820 414 3914 Adelbeide‚
440 3824 609 3918 Conrado,
634 3827 794 3898 Heinrico
820 3837 855 3900 et
880 3825 1109 3900 coheredibus
1133 3847 1271 3920 eorum,
1305 3827 1491 3922 emptionis
1514 3827 1613 3900 titulo

233 4125 271 4198 (4)
290 4127 377 4185 Notae
397 4128 599 4205 chronologicae
615 4133 713 4191 desunt
734 4139 792 4190 tam
813 4133 949 4207 diplomati
970 4150 1051 4207 quam
1075 4134 1176 4191 inserto
1194 4133 1381 4190 instrumento.
1397 4133 1436 4189 Ex
1449 4132 1509 4206 ipsa
1523 4138 1612 4188 umen

197 4239 291 4281 rerum
305 4231 440 4299 gestarum
453 4228 523 4286 serie
532 4245 601 4302 quae
616 4231 644 4286 in
656 4237 771 4303 utroque
784 4230 964 4288 instrumento
977 4236 1129 4302 narrantm‚
1143 4236 1255 4304 apparet
1268 4229 1385 4303 diploma
1396 4228 1467 4301 regis
1480 4228 1615 4302 pertinere

197 4321 346 4395 adprimos
365 4339 473 4384 menses
493 4326 630 4399 regiminis
647 4327 800 4386 Gehehardi
813 4329 947 4403 episcopi,
961 4335 1026 4386 tuno
1039 4329 1157 4386 nondum
1172 4328 1322 4386 confirmati
1335 4343 1383 4384 seu
1392 4328 1552 4400 consecrati,
1568 4329 1616 4402 qui

197 4435 294 4478 mense
308 4421 448 4479 novembri
464 4429 512 4480 aut
524 4423 659 4482 decembri
673 4429 738 4484 ⁴22⁴
761 4427 892 4486 successit
904 4427 993 4486 Ulrico
1007 4428 1148 4502 episcopo,
1162 4427 1190 4483 in
1203 4427 1290 4483 reditu
1311 4443 1343 4482 ex
1361 4425 1469 4482 Oriente
1488 4431 1517 4482 34
1538 4434 1617 4484 octo-

198 4517 258 4575 bris
270 4521 336 4577 4224
354 4520 490 4579 defuncto.
502 4519 661 4581 Contractus
682 4531 772 4582 mmen
793 4527 911 4584 insertus
928 4527 961 4583 ad
982 4542 1104 4582 mensem
1115 4525 1212 4598 julium
1234 4531 1282 4581 aut
1301 4529 1442 4597 augustum
1465 4525 1527 4582 anui
1545 4529 1616 4584 ⁴220

199 4616 334 4688 pertinet,
348 4620 455 4692 quando
474 4619 581 4679 Utricus
595 4623 737 4696 episcopus
755 4625 957 4698 crucesignatus
975 4640 1038 4682 curo
1058 4624 1193 4681 Ludovioo
1212 4623 1281 4680 duce
1301 4621 1430 4680 Baradae
1448 4622 1475 4678 in
1489 4623 1617 4680 comitatu

198 4713 330 4772 Friderici
344 4715 515 4791 imperatorie
527 4735 577 4793 per
597 4721 698 4779 ltaliam
713 4723 858 4796 AEgyplum
869 4722 1003 4797 petiisset.
