4466 5914
521 555 583 618 632
1023 561 1243 624 ltltlltultlcl
1268 561 1444 624 suebant
1742 564 1827 644 [1155.
1846 565 1932 628 laea

521 699 690 788 peratore,
709 714 845 790 semper
861 705 1023 792 augmw,
1040 697 1229 772 ierusalem
1241 707 1277 772 et
1293 697 1409 772 Sicilie
1421 719 1517 794 rege,
1534 717 1626 770 anno
1640 697 1785 772 Romani
1798 700 1933 796 imperii

519 817 596 910 ejus
618 827 734 910 sexto,
754 820 853 914 regni
874 823 1064 898 Jerusalem
1082 821 1195 920 primo
1216 830 1252 896 et
1275 823 1373 918 regni
1399 823 1515 898 Sicilie
1531 823 1698 898 vicesimo
1715 845 1827 918 nono,
1853 827 1935 900 ieli-

520 941 618 1016 citer.
637 941 762 1018 Amen.

568 1067 695 1143 Datum
711 1069 808 1164 apud
831 1073 987 1168 Burgum
1010 1072 1126 1148 Sancti
1148 1073 1291 1166 Donini,
1315 1093 1425 1166 anno,
1449 1093 1568 1148 mense
1585 1082 1621 1146 et
1640 1073 1830 1150 indictione
1849 1096 1934 1172 pre-

519 1190 668 1287 scriptis.

321 1642 488 1740 *eulpae
573 1627 772 1733 Albertus,
792 1627 1131 1740 Magdeburgensis
1153 1629 1481 1740 archiepiscopus,
1512 1631 1710 1713 Romani'
1699 1630 1848 1742 rmperir
1837 1627 1933 1712 15-

350 1751 457 1860 ben)
518 1762 1378 1874 8515551555511555515155,1515555555,
1397 1762 1774 1876 Cameracensis()
1788 1763 1932 1848 Naum-

517 1895 737 2008 burgensis,
759 1896 1101 2008 Merseburgensis,
1121 1898 1431 2002 WormaliensiS,
1452 1897 1671 1981 basiliensis
1693 1906 1731 1980 ct
1754 1895 1931 1980 Curensis

518 2031 703 2141 episcopi,
738 2031 958 2114 Prumensis
989 2041 1027 2114 el
1061 2031 1320 2116 Murbacensis
1356 2030 1531 2136 abbates,
1561 2032 1611 2114 ad
1646 2029 1931 2140 requisitionem

519 2165 684 2248 Conradi
698 2163 1021 2248 Hildeshemensis
1040 2165 1228 2276 episcopi,
1245 2166 1348 2275 apud
1363 2166 1589 2250 Cremonam
1604 2162 1664 2276 (2)
1685 2164 1757 2248 sub
1771 2163 1933 2248 authen-

516 2298 592 2381 tica
610 2297 736 2382 forma
753 2298 955 2384 transcribi
982 2297 1128 2384 faciunt
1153 2301 1299 2383 litteras
1315 2299 1494 2382 Friderici
1516 2299 1776 2384 Romanorum
1805 2299 1933 2407 impe-

515 2433 669 2539 515515,
684 2433 788 2542 apud
804 2432 978 2543 Burgum
996 2433 1125 2516 Sancti
1142 2433 1310 2518 Donnini
1328 2432 1577 2544 menscjunio
1591 2433 1770 2543 scriptas,
1789 2431 1932 2542 quibus

515 2567 694 2650 eumdem
720 2567 940 2676 episcopum
965 2577 1003 2650 et
1034 2568 1232 2652 ecclesiam
1259 2566 1342 2677 ejus
1367 2567 1531 2650 Henrioo
1557 2567 1818 2650 Romanorum
1849 2566 1931 2676 regi

514 2698 594 2783 filio
613 2725 683 2783 suo
706 2700 892 2784 instanter
908 2703 1171 2808 commendat,
1190 2727 1357 2811 eumque
1374 2710 1505 2784 monet
1521 2710 1565 2784 ut
1579 2701 1758 2784 eumdem
1774 2700 1930 2810 episeo-

513 2860 608 2942 pum
635 2843 785 2918 tueatur
806 2835 846 2916 in
867 2835 1111 2945 juridictione
1128 2836 1162 2920 ei
1180 2835 1398 2948 adjudicate
1420 2861 1535 2946 super
1559 2834 1726 2945 capitulo
1752 2833 1931 2918 ecclcsiae

515 2967 643 3055 Sancti
661 2967 823 3052 Mathiae
841 2969 881 3049 15
901 2969 1086 3054 Goslarie.

594 3185 770 3266 (Memorat.
787 3202 837 3264 ep.
857 3185 1019 3258 Boanum,
1032 3185 1144 3268 arpent.
1158 3184 1276 3264 impar„
1292 3202 1323 3264 p.
1340 3194 1408 3260 tat,
1423 3193 1457 3248 n·
1468 3193 1539 3262 tat,
1551 3201 1589 3248 ex
1604 3183 1739 3264 orlglnnll
1751 3183 1929 3264 apudllun·

633 3293 822 3354 noverlnma
844 3292 1029 3353 Bethmcnno
1046 3289 1286 3371 communicato.)
1307 3341 1311 3350 .

424 3953 431 3968 ,
462 3899 469 3926 ·
569 3857 801 3964 Fridericus,
821 3832 1082 3942 Romanorum
1099 3857 1319 3966 imperator,
1335 3854 1475 3938 civitati
1492 3853 1702 3938 Cremonae
1718 3861 1876 3936 renovet
1892 3859 1930 3934 el

515 3991 716 4078 confirmat
744 3991 987 4103 privilegium
1017 3991 1167 4074 Henrici
1194 3988 1318 4100 quinti
1354 3989 1488 4071 datum
1520 3988 1623 4098 apud
1655 3985 1926 4092 Wormatiam,

554 4317 590 4394 (1)
607 4317 655 4376 Isti
669 4317 721 4376 duo
736 4314 855 4390 episcopi
869 4314 999 4388 legatione
1011 4312 1063 4370 sibi
1075 4329 1090 4372 e
1102 4328 1166 4387 rege
1176 4313 1339 4370 Francomm
1350 4309 1496 4368 commissa
1506 4314 1572 4367 tunc
1581 4307 1652 4384 apud
1665 4309 1854 4382 imperatorem
1865 4306 1930 4364 lun·

515 4417 655 4494 gebentur.
668 4417 736 4475 Vide
749 4430 830 4488 supra
844 4431 872 4488 p.
886 4416 949 4484 611,
965 4419 1022 4471 551.
1037 4415 1062 4468 l.

551 4517 588 4593 (2)
607 4515 687 4599 Licet
691 4513 750 4572 dies
761 4513 788 4568 in
798 4511 953 4570 authentico
961 4527 1016 4568 non
1027 4510 1203 4584 exprimatur,
1216 4507 1363 4568 verisimile
1373 4513 1416 4566 eet
1423 4506 1557 4582 praelatos
1569 4505 1718 4564 (15555555
1728 4519 1759 4562 se
1770 4503 1928 4562 Cremonam

515 4613 674 4684 conmisso,
689 4611 754 4670 dum
767 4610 912 4686 imperator
923 4610 984 4685 ipsc
997 4609 1033 4668 51
1045 4609 1115 4668 bunc
1134 4607 1271 4668 ciuitatem
1286 4607 1438 4680 diverterit,
1455 4606 1560 4666 scilicet
1576 4609 1691 4664 exeunte
1706 4602 1784 4677 junio
1800 4601 1846 4660 vel
1862 4601 1930 4674 julio

514 4713 633 4770 ineunte.
