4326 5910
560 573 623 642 83⁴
1088 580 1260 644 hunnici
1285 581 1451 646 surtran
1787 580 1869 662 [Aua.
1887 581 1971 646 iffi

643 712 755 794 [Edidit
768 712 1139 794 crinorum-manc,
1153 717 1267 782 lettres
1280 717 1315 780 de
1327 718 1400 796 roio,
1413 717 1524 796 maes,
1535 724 1564 780 ot
1574 723 1673 780 ouon
1679 733 1889 802 poeompaa,
1903 726 1971 802 ete,

682 823 741 897 t.1,
751 831 785 884 n⁰
794 823 919 900 XXXV,
930 841 962 902 p.
974 834 1014 886 44
1027 831 1058 887 et
1070 843 1168 906 seqq..
1180 845 1218 890 ex
1231 825 1969 910 collocanrequtgny,nthl.reg.1>arne,anxl11.

681 961 721 976 —
735 929 826 992 Extat
842 933 873 992 ln
886 935 960 994 turri
974 933 1104 997 Londln.
1118 935 1260 1014 originale
1272 940 1492 1014 transumptum
1505 950 1554 1012 ap.
1569 935 1693 1014 Rymerl
1705 936 1851 1014 supplem.
1872 936 1969 1012 MSS„

681 1041 706 1097 t.
721 1037 770 1118 11,
784 1047 817 1098 n⁶
832 1045 862 1100 9.
875 1071 917 1086 -
929 1039 1101 1122 Brequlgny
1122 1059 1162 1104 ex
1182 1043 1313 1122 Rymero
1331 1043 1370 1106 ad
1393 1059 1463 1105 ann.
1487 1051 1565 1104 ruas
1584 1047 1614 1104 et
1633 1041 1837 1120 champollion
1849 1043 1888 1108 ad
1901 1061 1969 1109 ann.

681 1155 757 1209 12³5
772 1147 829 1210 hoo
842 1147 1065 1226 documentum,
1081 1150 1161 1230 quod
1173 1151 1213 1213 ad
1226 1153 1413 1231 marltagium
1423 1150 1565 1213 Frlderlol
1576 1151 1762 1228 imperatoris
1770 1151 1971 1214 euruIsaheiin

678 1257 758 1334 regis
779 1253 944 1336 Anglorum
965 1275 1062 1320 sorore
1083 1261 1230 1338 pertinere
1251 1265 1445 1338 putaverunt,
1459 1263 1614 1338 reponunt.
1635 1259 1787 1335 Quantum
1799 1261 1840 1322 stt
1853 1275 1972 1321 moneo

679 1363 993 1442 lstaoplnlo,iaelle
1019 1371 1083 1430 tom
1111 1365 1970 1449 exmueaotormnquamoxnollslhladjoetlsde·

678 1472 883 1554 monstratur.)

606 1655 903 1734 lixoellentissimo
929 1659 1070 1735 domino
1092 1681 1159 1734 suo
1183 1661 1332 1736 Henrioo
1349 1661 1412 1736 Dei
1442 1661 1551 1759 gratia
1576 1659 1700 1734 illustri
1725 1657 1798 1754 regi
1826 1655 1967 1752 Anglie,

558 1781 700 1858 domino
714 1784 894 1876 Hibernia,
915 1785 997 1860 duci
1012 1787 1240 1882 Normannie,
1258 1784 1445 1886 Aquitanis
1463 1795 1498 1861 et
1513 1785 1630 1860 oomiti
1645 1781 1869 1879 Andegavie,
1887 1804 1970 1854 suus

558 1907 707 1984 devotus
722 1910 759 1982 in
771 1912 935 1985 omnihus
951 1911 1007 1987 W.
1023 1909 1076 2009 (l)
1090 1912 1213 1988 eadem
1228 1912 1339 2008 gratia
1354 1911 1584 1987 Karleolensis
1601 1909 1805 2010 episeopus,
1825 1907 1969 1982 salutem

558 2045 593 2110 ot
611 2057 792 2134 prosperos
816 2037 863 2112 ad
884 2045 966 2112 vota
989 2059 1182 2113 sucessum.
1208 2037 1379 2126 Quoniam
1404 2039 1533 2113 litteras
1554 2059 1642 2134 quas
1666 2035 1768 2112 vohis
1793 2035 1838 2110 de
1859 2035 1970 2108 Doru-

558 2159 681 2236 hemia
711 2162 748 2233 in
775 2183 913 2236 neceam
940 2175 1056 2238 nostro
1085 2163 1337 2238 transmisimus
1368 2171 1509 2261 propter
1536 2161 1692 2236 festinam
1722 2159 1822 2234 navis
1850 2181 1968 2233 aseen-

558 2287 693 2360 sionem
709 2287 812 2383 plene
830 2309 901 2362 uon
920 2288 1137 2386 inspeximus
1152 2311 1218 2364 neo
1236 2299 1368 2364 oonstat
1388 2287 1490 2364 uobis
1506 2288 1537 2362 si
1552 2295 1699 2362 eventus
1719 2286 1827 2360 nostri
1845 2285 1892 2360 ad
1909 2307 1969 2360 no-

558 2411 669 2485 titiam
690 2421 841 2486 vestram
858 2414 1098 2512 pervenerint,
1123 2437 1169 2490 ne
1187 2437 1252 2490 vos
1274 2415 1415 2490 omnino
1431 2415 1576 2508 lateant,
1596 2421 1667 2486 tam
1688 2421 1815 2486 statum
1838 2411 1969 2484 itineris

558 2539 666 2614 nostri
689 2547 724 2613 et
740 2549 896 2614 nostrum
914 2562 1020 2638 quam
1036 2563 1238 2639 prooessum
1262 2541 1479 2637 negotiorum
1497 2547 1690 2616 vestrorum
1711 2537 1812 2610 vohis
1832 2537 1968 2634 plenius

558 2664 727 2739 duximus
757 2665 1000 2742 intimandum.
1030 2668 1173 2743 Noverit
1202 2669 1310 2766 igitur
1334 2665 1540 2743 exoellentia
1561 2673 1676 2740 vestra
1701 2661 1799 2760 quod
1820 2661 1857 2734 in
1886 2663 1969 2735 festo

557 2794 667 2866 saneti
680 2793 852 2868 vincentii
867 2793 919 2892 (2)
932 2793 1038 2870 obvio
1053 2795 1192 2870 turbiue
1209 2803 1392 2871 ventorum
1407 2791 1524 2888 rejecti
1538 2791 1669 2866 luimus
1678 2789 1745 2862 suh
1761 2809 1849 2886 rupe
1861 2789 1968 2862 Doro·

555 2917 798 3012 hemiaaloa
814 2943 921 3017 quam
936 2919 1006 2996 diei
1031 2927 1144 3018 potest
1165 2920 1262 2997 rabie
1278 2919 1383 2995 marie
1397 2927 1434 2994 et
1450 2904 1680 3018 procellarum
1694 2913 1830 3008 afflicti,
1850 2915 1967 3011 ibique

557 3043 782 3120 navinostra
811 3045 970 3120 anchoris
994 3045 1101 3120 affixa
1127 3067 1207 3118 oum
1232 3043 1393 3120 homasio
1413 3051 1535 3118 nostro
1561 3051 1596 3117 ot
1629 3040 1729 3137 equis
1757 3041 1883 3112 nostris
1907 3039 1968 3134 qui

556 3171 653 3246 uulia
677 3171 811 3246 ratione
836 3180 1025 3269 potuerunt
1047 3171 1151 3246 eduei
1171 3171 1311 3267 relicta,
1336 3169 1580 3246 Doroberniam
1600 3169 1637 3241 in
1660 3165 1814 3264 quodam
1843 3165 1968 3238 hatello

557 3297 739 3389 venimns3
772 3305 807 3373 et
834 3297 999 3394 quoniam
1030 3297 1267 3372 intelleximus
1299 3317 1432 3372 moram
1456 3304 1609 3370 nostram
1640 3293 1744 3368 valde
1771 3291 1871 3366 vohis
1898 3291 1969 3364 lore

557 3421 802 3522 dampnosam,
824 3423 993 3520 elegimus
1007 3423 1124 3521 potius
1141 3422 1343 3500 discrimina
1362 3432 1530 3498 lemarum
1553 3419 1670 3495 subire
1697 3439 1805 3514 qnam
1827 3415 1968 3514 spatiosi

557 3551 662 3624 maris
682 3551 898 3626 fluctuationi
919 3551 1058 3626 hiemali
1082 3550 1184 3648 quasi
1205 3550 1325 3624 mortis
1344 3546 1495 3624 crudelis
1517 3545 1670 3621 exanimi
1687 3542 1757 3644 (sio)
1778 3565 1841 3617 nos
1860 3563 1968 3639 expo-

556 3687 652 3750 no're.
664 3675 789 3773 Sisque
798 3685 939 3775 aceepto
953 3677 1134 3751 nobiseum
1153 3698 1224 3749 uno
1239 3673 1457 3751 solummodo
1474 3673 1645 3750 serviente
1660 3672 1793 3767 absque
1810 3669 1967 3743 hernesio

555 3811 591 3876 et
622 3802 744 3898 equis,
774 3825 855 3877 oum
889 3803 1081 3901 peregrinis
1112 3803 1299 3901 qnamdam
1330 3823 1456 3877 navem
1487 3799 1709 3876 aseendimus
1741 3795 1800 3872 die
1831 3795 1969 3870 veneris

555 3927 716 4026 proximo
732 3938 813 4004 anta
830 3929 1091 4004 conversionem
1104 3929 1198 4004 beati
1212 3927 1308 4004 Pauli
1322 3925 1388 4028 (3),
1405 3937 1440 4002 et
1452 3927 1575 4004 eodem
1593 3924 1651 4001 die
1664 3946 1726 4022 per
1743 3921 1889 4018 gratiam
1907 3921 1967 3994 ilai

555 4053 741 4149 Graveling
767 4055 1014 4151 applicuimus.
1044 4054 1272 4130 lnoontinenti
1300 4075 1384 4130 vero
1410 4075 1474 4128 nos
1495 4062 1532 4128 et
1559 4050 1715 4126 serviens
1740 4057 1856 4124 noster
1880 4045 1969 4121 dnos

553 4197 664 4275 equos
688 4175 792 4278 (quos
818 4200 840 4253 a
865 4179 1018 4278 quodam
1044 4189 1234 4256 mercatore
1257 4180 1319 4278 qui
1343 4179 1525 4254 nobiseum
1548 4177 1825 4252 transfretaverat
1848 4181 1969 4246 mutuo

590 4492 628 4570 (l)
646 4493 674 4552 ls
686 4498 729 4552 est
738 4492 892 4567 walterus,
907 4499 1086 4571 eognomeuto
1103 4494 1205 4566 llalus,
1221 4493 1293 4552 cirea
1312 4491 1411 4552 lesdam
1426 4489 1598 4551 hanensionls
1611 4490 1675 4552 anui
1688 4489 1758 4550 litt
1770 4485 1798 4545 in
1811 4486 1969 4562 episeopum

554 4591 752 4651 i'arleoleneom
762 4599 946 4653 museoratus.
959 4594 1020 4656 Vid.
1034 4594 1240 4664 hiarr.l’au1s.,
1256 4591 1292 4652 ad
1304 4607 1369 4651 ann.
1383 4589 1533 4667 otpamm.

592 4689 631 4766 (t)
649 4690 759 4750 Seilioat
769 4695 805 4753 22
816 4693 942 4766 januarii.

590 4788 626 4864 (3)
643 4787 751 4849 Sollioet
762 4793 798 4851 th
807 4791 936 4868 januarii.
