4326 5910
134 641 137 644 .
224 589 323 650 lrrnrcr.
343 587 405 664 le]
679 585 874 648 HISTORIA
899 583 1191 648 orrnoltartct.
1581 583 1642 646 853

226 721 331 806 hone
348 721 388 803 in
408 721 560 806 Costem
581 719 808 834 (llostheim)
825 722 1004 806 ecelesiae
1031 720 1131 804 besti
1150 717 1331 830 Stephani
1350 717 1453 828 apud
1469 717 1639 832 Magan-

225 856 321 938 tiern
338 854 522 938 vendidit.

307 1074 406 1148 (Edlt.
425 1076 457 1134 ln
475 1073 604 1134 Metroon
623 1073 714 1150 Boio,
732 1079 806 1136 tom.
826 1074 931 1151 XXX,
952 1090 1020 1152 pars
1036 1081 1076 1147 t',
1090 1091 1123 1150 p.
1145 1080 1214 1153 tet,
1228 1081 1262 1132 n⁰
1275 1069 1469 1146 Detxxln,
1485 1087 1521 1132 ex
1540 1073 1637 1152 ortgl-

253 1161 256 1168 ’
343 1182 405 1242 nell
419 1181 499 1242 unde
511 1181 641 1260 slglllnm
655 1180 802 1260 appendet
814 1199 851 1243 cx
866 1181 925 1242 lllls
943 1183 1045 1244 serlcls
1058 1179 1185 1242 snbllnvl
1203 1186 1233 1240 et
1253 1180 1393 1258 purpurei
1406 1179 1522 1240 colorls.
1535 1211 1576 1225 -
1588 1179 1635 1242 cl.

347 1287 496 1367 loannis,
511 1287 577 1348 Iler.
593 1288 739 1369 Maponc,
754 1294 827 1350 tom.
842 1287 884 1362 ΙΙ,
904 1305 937 1366 p.
954 1297 1024 1364 tte,
1039 1288 1071 1348 ln
1085 1285 1229 1348 Chronlce
1247 1285 1350 1350 eccles.
1366 1285 1472 1364 colleg.
1485 1285 1515 1348 S.
1532 1287 1636 1365 Stcph.

346 1397 482 1474 Mognnt.
497 1427 537 1440 -
549 1395 634 1456 ltdld
650 1411 768 1473 qnoque
784 1395 1011 1468 Wnanrvvmm,
1026 1393 1099 1457 Noc.
1114 1389 1188 1454 mdc.
1205 1389 1334 1473 diplom,
1349 1398 1373 1454 t.
1392 1391 1453 1474 1v,
1467 1409 1498 1472 p.
1514 1401 1569 1469 483
1583 1393 1635 1456 sod

343 1518 497 1583 perperam
510 1501 658 1564 Frldcrlco
672 1503 801 1564 mundo
813 1501 1024 1564 documentum
1037 1500 1165 1576 mlbnlt.)

273 1689 455 1764 Heinricas
471 1690 534 1764 Dei
557 1691 666 1786 gratia
695 1690 923 1765 Romanorum
948 1712 1011 1764 rex
1037 1698 1073 1762 et
1094 1709 1229 1784 semper
1254 1695 1440 1782 angustus,
1463 1688 1635 1764 universis

224 1815 349 1890 Christi
365 1815 526 1890 fidelibus
544 1815 590 1889 ad
612 1838 700 1910 quos
715 1838 855 1912 presens
869 1815 994 1912 pagina
1012 1814 1209 1912 pervenerit
1220 1813 1257 1886 in
1270 1823 1487 1910 perpetuum.
1505 1815 1632 1888 Notum

222 1941 370 2014 tacimus
386 1941 558 2014 universis
574 1941 669 2036 quod
684 1962 747 2014 nos
761 1950 899 2038 propter
916 1949 1100 2036 urgentem*
1111 1939 1346 2014 necessitatem
1363 1949 1399 2013 et
1415 1939 1631 2014 manifestam

224 2067 405 2140 utilitatem
430 2067 574 2140 ecclesia
598 2066 829 2160 Porcetcnsis‚
853 2066 1093 2140 alienationem
1112 2067 1235 2140 lactem
1255 2065 1300 2140 de
1322 2065 1422 2138 bonis
1441 2065 1477 2138 in
1497 2065 1630 2140 Costem

223 2213 302 2264 cnm
329 2191 403 2264 suis
424 2191 656 2288 pertinentiis,
674 2213 745 2287 que
765 2191 857 2266 dicta
885 2191 1028 2266 ecclesia
1045 2191 1091 2266 dc
1113 2213 1283 2266 consensu
1300 2200 1335 2264 et
1352 2191 1551 2266 anctoritate
1568 2213 1630 2266 ve·

223 2315 387 2390 nerabilis
405 2324 439 2390 ot
456 2315 570 2392 dilecti
591 2317 759 2415 principis
779 2317 886 2391 nostri
903 2317 1117 2412 engelberti,
1137 2315 1346 2391 Coloniensis
1366 2315 1626 2414 archiepiscopi,

221 2443 327 2516 nostri
346 2441 535 2538 provisoris
560 2451 595 2516 et
615 2443 731 2538 regni,
754 2443 897 2518 ecclesie
918 2443 1009 2516 beati
1027 2442 1192 2540 Stephani
1211 2443 1246 2515 in
1262 2442 1441 2538 Magnntia
1457 2463 1521 2538 pro
1538 2453 1629 2518 certa

220 2567 369 2663 pecunie
394 2565 554 2640 vendidit
576 2567 784 2662 quantitate,
805 2577 913 2642 ratam
936 2567 1104 2641 habemus
1122 2577 1157 2640 et
1179 2589 1256 2640 enm
1279 2569 1385 2640 nostri
1407 2566 1525 2664 scripti
1544 2589 1629 2640 mu-

220 2691 352 2766 nimine
385 2690 638 2766 confirmmus.
670 2695 708 2766 ln
737 2697 837 2790 cajus
858 2694 908 2768 rei
934 2693 1167 2768 testimonium
1194 2703 1229 2766 et
1257 2691 1451 2766 firmitatem
1477 2693 1626 2790 presenti

220 2815 347 2913 pagine
361 2817 512 2913 sigillum
528 2827 682 2892 nostrum
697 2820 865 2914 jussimus
878 2819 1043 2916 appendi.

268 2944 394 3016 Datum
412 2943 506 3041 apud
523 2947 760 3039 wormatiam,
779 2948 808 3020 ll
822 2969 932 3020 nonas
948 2944 1163 3042 septembris,
1184 2943 1372 3019 indictione
1385 2943 1487 3016 Xlll·.

269 3562 468 3672 Benacus,
479 3563 738 3649 Romanorum
751 3590 832 3674 rex,
845 3563 1003 3650 sculteto
1016 3575 1054 3650 et
1067 3565 1253 3652 universis
1266 3567 1411 3654 civibus
1424 3569 1472 3655 de
1484 3569 1625 3656 Rhein-

216 3699 343 3784 selden
370 3697 541 3784 concedit
566 3725 616 3782 ne
641 3699 899 3810 possessiones
921 3700 971 3782 ed
989 3700 1202 3785 dominium
1219 3701 1380 3787 civitatis
1396 3704 1625 3815 pertinentes

215 3833 381 3918 alienare
399 3831 552 3938 debeat,
573 3859 697 3944 neque
711 3834 1014 3944 procurationem
1041 3835 1155 3919 oestri
1182 3862 1249 3922 seu
1274 3838 1444 3950 regimen
1463 3841 1622 3927 civitatis

215 3968 326 4052 aliem
345 3967 419 4052 nisi
440 3967 621 4077 providae
641 3977 679 4050 et
699 3967 883 4052 discretae
899 3995 1081 4080 personae
1097 3973 1344 4057 committere.

293 4183 392 4260 (ΕΜ.
408 4183 591 4260 limoorr,
608 4181 757 4267 decoctor.
776 4183 890 4263 Λυκίη,
904 4191 929 4248 t.
944 4187 1033 4265 11,1n
1051 4195 1122 4262 rot,
1136 4203 1174 4250 ex
1185 4189 1307 4252 archlvo
1321 4192 1450 4256 clvltatls
1460 4192 1620 4257 Rhenolol·

331 4292 454 4368 dmm)

260 4483 429 4556 chrieus
442 4483 609 4580 septimus
625 4481 745 4557 divina
761 4483 897 4559 favente
913 4485 1091 4561 clementia
1109 4487 1337 4560 Romanorum
1354 4509 1417 4561 rex
1433 4497 1468 4563 et
1483 4511 1619 4588 semper

210 4619 393 4704 augustos.
413 4609 517 4684 Decet
533 4610 684 4704 regalem
700 4610 920 4686 eminentiam
934 4610 1088 4686 fidelium
1103 4634 1245 4686 snorum
1259 4612 1425 4708 obsequia
1439 4617 1539 4689 vultu
1555 4639 1619 4692 se-

211 4756 295 4810 reno
317 4733 487 4832 respicere
512 4743 547 4808 et
569 4755 629 4808 eos
650 4735 833 4831 condignis
857 4737 1118 4812 retributionum
1144 4738 1286 4835 premiis
1309 4740 1500 4836 prevenire.
1525 4741 1617 4830 Qua-

1665 3581 1814 3642 Metellae,

1657 3639 1821 3696 responaens.
