4466 5914
275 558 377 620 lentur.
394 557 459 636 lt]
734 557 930 621 HISTORIA
955 555 1248 618 DlPLOMATlCA.
1635 557 1696 622 645

278 693 419 766 balares
440 699 635 766 nostrorum
654 692 824 766 bonorum
845 703 881 768 at
893 695 1024 788 jurium
1043 693 1114 786 jam
1135 690 1333 784 commissa,
1359 691 1396 762 in
1413 692 1592 789 publicum
1612 703 1694 767 sunt

280 817 442 892 deducte.
453 815 588 903 Quibus
603 817 802 892 solemniter
817 819 980 910 recitatis,
997 815 1157 914 perlectis
1171 837 1311 911 quoque
1327 824 1362 888 et
1376 817 1544 913 expositis
1557 819 1693 915 scriptis

279 943 411 1016 domini
429 941 624 1038 patriarche
643 951 679 1014 et
693 945 849 1016 omnium
871 953 955 1016 lunc
975 942 1186 1039 presentium
1205 941 1414 1036 prelatorum
1435 943 1502 1014 sub
1519 943 1640 1038 sigillis
1657 952 1692 1017 et

279 1067 484 1142 testimoniis
496 1067 711 1158 eorumdem,
724 1091 786 1166 per
797 1092 867 1164 que
879 1079 914 1142 et
926 1068 1039 1142 eidem
1057 1065 1330 1139 Hildeusemensi
1347 1066 1510 1163 episcopo
1523 1069 1584 1162 qui
1603 1089 1692 1142 auc-

278 1193 413 1267 toritate
444 1192 599 1265 mandati
628 1194 806 1288 apostolici
836 1201 951 1291 posset
973 1193 1010 1264 in
1036 1191 1178 1265 eosdem
1208 1191 1452 1283 conjurationis
1479 1192 1690 1267 lombardos

278 1318 466 1414 procedere
482 1327 518 1390 et
535 1317 635 1390 nobis
650 1318 711 1412 qui
723 1321 826 1412 juxta
844 1317 1022 1413 dignitatis
1041 1324 1157 1388 nostre
1175 1315 1348 1410 fastigium
1366 1315 1640 1390 animadvertere
1654 1328 1691 1392 et

277 1444 394 1517 banna
409 1443 587 1538 imponere
605 1443 811 1517 deberemus
828 1445 955 1540 pariter
972 1453 1006 1516 et
1020 1463 1212 1540 possemus,
1232 1440 1415 1538 providere
1433 1444 1685 1537 consultabant,

277 1569 434 1666 exposita
453 1589 594 1664 quoque
610 1568 731 1642 ultima
746 1570 855 1644 iorma
871 1569 967 1666 pacis
984 1591 1089 1664 quarn
1105 1568 1248 1664 implere
1262 1567 1352 1639 sicut
1369 1566 1465 1662 apud
1485 1567 1687 1642 Mercurium

277 1701 508 1766 convenerant
533 1693 765 1788 denegarunt,
789 1694 997 1768 venerabilis
1016 1691 1310 1766 Hildensemensis
1333 1692 1576 1788 episcopusin
1599 1693 1685 1766 civi·

276 1827 361 1890 tates
384 1817 628 1910 conjurationis
646 1825 681 1890 et
699 1819 872 1892 societatis
890 1819 1026 1912 illicite,
1043 1816 1205 1890 videlicet
1221 1816 1474 1909 Mediolanum,
1492 1817 1682 1912 Mantuam,

275 1943 456 2034 Veronam,
473 1943 677 2034 vicentiam,
689 1943 856 2034 Paduam,
870 1941 1505 2033 Tarvisium,Bon0niam,Faventiam,
1515 1942 1681 2037 Brixiam,

194 2043 197 2050 ¹
273 2067 443 2157 laudam,
466 2067 655 2152 Vercellas,
674 2067 923 2142 Alexandriam
941 2077 975 2142 et
995 2077 1124 2142 ceteras
1144 2066 1302 2140 civitates
1322 2067 1565 2158 conjurationis
1591 2071 1682 2162 ejus·

273 2192 354 2266 dem
379 2214 419 2265 ac
442 2193 593 2266 lautores
615 2215 752 2284 earum,
778 2194 979 2267 auctoritate
1001 2193 1187 2290 apostolica
1216 2214 1319 2265 suum
1343 2201 1396 2264 est
1422 2185 1573 2265 officium
1598 2215 1682 2267 exe-

272 2323 422 2412 quutus,
444 2317 792 2391 excommunicationi
811 2339 975 2414 personas
992 2326 1027 2390 et
1048 2324 1155 2391 terras
1175 2315 1356 2389 interdicto
1372 2337 1582 2412 supponens.
1602 2318 1682 2392 Pre-

272 2441 351 2514 latis
377 2463 519 2538 quoque
545 2443 725 2516 civitatum
749 2443 903 2538 ipsarum
933 2443 1119 2538 apostolica
1146 2442 1253 2514 fretus
1278 2441 1480 2514 auctoritate
1506 2441 1683 2537 prohibuit

271 2589 316 2640 ne
331 2567 586 2640 communicent
600 2590 680 2640 cum
697 2566 842 2660 eisdem,
861 2568 923 2642 sed
938 2568 1069 2641 evitent
1086 2587 1146 2640 eos
1163 2575 1198 2638 et
1212 2565 1338 2638 iaciant
1353 2563 1483 2638 arctius
1497 2567 1619 2640 evitari
1633 2569 1679 2664 (a)

270 2699 304 2764 et
322 2690 444 2764 divina
467 2690 578 2764 officia
596 2692 755 2766 interdici
780 2692 843 2790 (l).
865 2693 965 2765 Dicto
986 2693 1091 2788 igitur
1115 2677 1273 2786 delegato
1299 2713 1400 2762 suum
1425 2691 1576 2764 officium
1596 2715 1680 2768 exe·

269 2824 412 2910 quante,
430 2837 494 2888 nos
508 2816 622 2912 stipati
642 2817 859 2914 principibus
873 2817 997 2890 nostris
1015 2825 1084 2888 tam
1103 2815 1341 2888 ecclesiasticis
1359 2837 1463 2908 quam
1477 2817 1677 2910 mundanis,

269 2939 315 3014 de
334 2940 509 3012 communi
525 2941 772 3016 deliberatione
793 2965 836 3016 ac
855 2941 1023 3016 sententia
1045 2941 1244 3014 eorumdem
1264 2939 1461 3036 principum
1485 2950 1679 3015 nostrorum

268 3073 303 3137 et
326 3065 472 3137 aliorum
495 3067 638 3166 Romani
668 3068 802 3162 imperii
826 3089 1007 3162 procerum
1033 3065 1069 3138 iu
1093 3065 1215 3139 eadem
1237 3062 1333 3137 curia
1355 3064 1601 3156 residentium,
1622 3069 1679 3160 ju-

269 3189 387 3264 dicum
408 3211 549 3286 quoque
564 3193 661 3266 curie
681 3201 796 3266 nostre
813 3215 855 3266 ac
873 3193 1023 3289 plurium
1039 3191 1248 3288 sapientum,
1270 3212 1317 3263 ex
1340 3191 1540 3266 auctoritate
1562 3203 1676 3266 nostra

267 3323 302 3387 et
325 3315 461 3412 imperii
486 3317 789 3412 pronuntiavimus
809 3327 844 3392 et
867 3317 1175 3391 condemnavimus
1197 3335 1317 3388 omnes
1343 3315 1500 3390 civitates
1526 3317 1620 3412 ipsas
1639 3318 1676 3388 in

268 3440 424 3535 personis
441 3449 476 3514 et
494 3443 616 3531 rebus,
638 3451 672 3516 et
689 3465 809 3517 omnes
829 3444 1037 3517 habitatores
1056 3463 1176 3514 earum
1196 3449 1231 3512 et
1249 3438 1468 3513 districtuum
1489 3449 1524 3514 et
1543 3442 1676 3537 episco-

266 3573 413 3660 patuum
429 3586 569 3640 suorum
585 3566 620 3639 in
635 3567 751 3641 banno
764 3569 901 3666 imperii
913 3567 1106 3663 posuimus,
1121 3575 1155 3638 et
1168 3573 1304 3638 nostros
1317 3572 1352 3636 et
1367 3564 1502 3659 imperii
1517 3565 1678 3640 bannitus

265 3697 301 3762 et
322 3687 438 3763 hostes
459 3689 740 3767 denuntiavimus
760 3701 794 3765 et
811 3702 974 3788 tanquam
995 3711 1074 3764 reos
1088 3687 1240 3763 oriminis
1260 3691 1332 3762 lese
1349 3690 1537 3782 majestatis
1559 3693 1677 3787 priva·

266 3813 383 3888 vimus
397 3822 467 3887 tam
483 3815 666 3889 universos
681 3837 786 3911 quam
803 3815 959 3911 singulos
970 3815 1123 3889 omnium
1139 3813 1419 3907 jurisdictionum
1435 3823 1506 3888 tam
1521 3816 1676 3889 civilium

264 3957 370 4034 quam
386 3937 632 4030 criminalium,
652 3949 723 4014 tam
741 3941 1013 4015 voluntariarum
1035 3961 1140 4036 mam
1156 3937 1464 4032 contentiosarum,
1486 3940 1672 4036 datiarum,

307 4111 350 4196 (a)
371 4115 407 4176 In
419 4116 563 4195 impresso
574 4117 699 4196 citimi,
713 4119 801 4181 male.

302 4398 340 4474 (t)
355 4401 565 4464 «Sedeamdem
573 4408 736 4466 sententiam
748 4413 842 4482 postea
852 4424 922 4484 papa
933 4407 1067 4466 Honorius
1076 4408 1220 4476 revocavit,
1229 4407 1340 4466 mittens
1349 4405 1498 4466 Alatrinum
1509 4409 1675 4484 capellanum

264 4514 279 4550 ι
294 4511 387 4572 suum3
401 4501 477 4575 crrjm
485 4505 655 4578 suggestione
664 4505 844 4564 Mediolanum
855 4512 883 4563 et
895 4505 996 4564 multae
1009 4505 1131 4564 dumne
1144 4505 1288 4579 complices
1301 4511 1396 4563 contra
1409 4505 1598 4580 Mparatorem
1609 4524 1673 4567 con·

264 4595 466 4672 »juraverunt,
480 4599 610 4662 iacientes
627 4604 768 4680 collegium
790 4605 864 4680 quod
881 4603 1117 4679 Langobardorum
1138 4604 1253 4662 societas
1272 4603 1422 4678 permulta
1436 4609 1558 4680 tempora
1573 4613 1615 4665 est
1626 4625 1673 4667 vo

267 4709 283 4745 ι
297 4699 424 4754 cutum»
439 4698 565 4760 dorm.
578 4701 683 4762 Conon.
698 4719 742 4780 op.
756 4704 906 4776 Boanum,
923 4704 1032 4777 Fontes,
1046 4704 1084 4776 ll,
1098 4707 1159 4762 ³60.
