4326 5910
546 559 607 620 Ι110
1068 557 1239 622 dederet
1263 559 1436 624 SEPlell
1768 561 1848 648 [An.
1866 563 1949 630 1223.

550 696 735 770 auctoritas
756 697 954 795 simpliciter
973 697 1092 772 statuit
1114 698 1397 794 persolvendum
1417 698 1452 770 Si
1473 705 1590 771 autern
1613 707 1805 774 conventus
1826 703 1952 796 prefate

550 820 694 894 ecclesie
716 819 867 896 eundem
884 843 1027 896 censum
1042 821 1213 896 redimere
1227 822 1389 914 volucrit,
1405 831 1519 896 ratum
1539 821 1720 898 babemus.
1732 825 1877 922 Insuper
1891 847 1950 922 pro

551 941 705 1018 remedio
731 945 846 1020 anime
863 956 978 1021 nostre
996 955 1031 1020 et
1048 947 1306 1043 progenitorum
1323 955 1535 1038 nostrorum,
1555 943 1671 1022 eidam
1691 949 1898 1024 monasterio
1919 960 1952 1024 et

551 1067 713 1142 fratribus
739 1069 869 1144 ibidem
887 1073 960 1145 Deo
984 1072 1230 1146 famulantibus
1248 1071 1491 1167 indulgemus,
1510 1071 1602 1146 sicut
1618 1072 1664 1146 ab
1683 1075 1952 1148 anteoemoribus

550 1192 676 1266 nostris
694 1194 857 1268 Romanis
875 1196 1139 1292 imperatoribus
1156 1207 1191 1270 et
1207 1197 1350 1292 regibus
1369 1207 1422 1270 est
1446 1195 1636 1287 indultum,
1662 1195 1830 1272 videlicet
1850 1207 1889 1271 nt
1910 1198 1951 1272 ab

549 1319 728 1412 omnijure
742 1321 913 1394 exactoris
927 1331 961 1395 et
974 1321 1127 1415 66116616,
1141 1321 1238 1418 quod
1253 1323 1361 1418 uulgo
1373 1320 1500 1396 dicitnr
1514 1319 1679 1415 Geseboz,
1690 1321 1735 1396 sit
1744 1321 1948 1397 absolutum.

550 1443 593 1515 111
607 1443 638 1516 si
653 1464 724 1539 qua
739 1444 830 1520 buna
852 1445 982 1521 61111611
1002 1446 1100 1542 regni
1116 1447 1223 1520 nostri
1239 1445 1424 1521 ldulbnsen
1441 1447 1518 1522 sive
1534 1446 1666 1544 prediis
1680 1447 1753 1541 jarn
1772 1446 1858 1522 dicti
1877 1469 1951 1522 rno-

550 1569 690 1642 naslerii
714 1569 907 1662 adjacentia
923 1595 995 1669 que
1014 1573 1183 1670 imperiali
1201 1572 1433 1666 jurisdictioni
1455 1573 1599 1648 attinere
1614 1572 1796 1663 deberent,
1817 1573 1855 1647 in
1875 1594 1952 1648 mo-

551 1691 719 1782 lendinis,
740 1693 776 1766 in
800 1695 898 1768 terris
923 1696 1024 1768 collis
1048 1717 1111 1770 seu
1140 1696 1295 1789 incultis,
1314 1719 1385 1793 que
1402 1695 1603 1792 empcione,
1632 1693 1846 1786 donacione,
1874 1717 1951 1771 eon·

551 1816 686 1890 cambio
700 1826 753 1890 eet
767 1817 932 1916 adeptum
950 1821 1008 1894 vel
1020 1821 1057 1892 in
1072 1821 1227 1894 iuturnrn
1239 1821 1364 1918 poterit
1376 1821 1535 1918 adipisci,
1552 1820 1598 1895 de
1612 1799 1728 1894 nostra
1743 1823 1855 1914 gratia
1869 1821 1953 1894 siout

553 1938 600 2014 de
620 1950 874 2017 antecessorum
891 1953 1085 2018 nostrorum
1101 1945 1208 2020 libere
1220 1945 1395 2042 possideat
1413 1953 1448 2019 et
1468 1944 1598 2040 quiete.
1615 1945 1660 2019 Ut
1674 1944 1781 2040 igitur
1805 1943 1872 2020 beo
1887 1944 1953 2019 do-

552 2065 653 2142 nacio
669 2076 786 2142 nostra
813 2077 847 2142 et
870 2069 1009 2144 libertas
1036 2069 1135 2145 lirma
1158 2079 1358 2167 permaneat
1376 2079 1412 2144 et
1437 2069 1659 2164 inconvulsa,
1679 2077 1875 2166 presentem
1890 2091 1953 2166 pa-

553 2191 671 2288 ginam
688 2191 792 2288 sigilli
810 2195 916 2268 nostri
934 2195 1146 2292 appensione
1163 2195 1310 2270 lecimus
1326 2195 1545 2268 communiri.

601 2318 718 2390 Testes
740 2326 823 2390 sunt
848 2339 963 2394 comes
990 2320 1175 2410 Ernestur,
1205 2319 1437 2394 Theodericus
1462 2319 1573 2394 Rufus
1597 2317 1643 2394 de
1666 2317 1951 2410 Helmoldeedorl‚

552 2441 733 2516 Heinricus
754 2444 864 2538 Sturl,
888 2445 988 2540 Hugo
1005 2445 1050 2520 de
1074 2445 1246 2539 Wilrode,
1266 2443 1449 2520 Cunradus
1471 2442 1517 2518 de
1542 2442 1723 2535 Widcnse,
1742 2444 1955 2518 nemancos

551 2566 755 2642 Schellevilz
771 2577 805 2643 et
820 2567 1051 2644 Theodericus
1067 2571 1170 2644 irater
1186 2573 1275 2664 ejns,
1290 2567 1522 2644 Theodericus
1535 2569 1755 2662 camerarius,
1773 2569 1955 2644 Hermastus

552 2693 598 2768 de
617 2691 868 2787 Burcbinrode,
891 2695 1071 2770 Heinricns
1092 2695 1258 2789 Sceleris,
1281 2695 1444 2770 Gerlacus
1463 2692 1509 2770 (16
1529 2691 1715 2790 Butingin,
1732 2693 1954 2769 lleimeradus

553 2816 599 2893 de
613 2819 883 2913 Bomeneborch,
901 2819 1085 2894 Heinrieus
1101 2820 1301 2915 Quenoeba,
1321 2820 1502 2896 1161111666
1515 2819 1561 2896 (16
1579 2819 1880 2912 Bomeneborch,
1899 2818 1957 2891 Si-

553 2943 674 3040 gelous
697 2946 965 3040 protonotarius,
988 2945 1218 3042 blarquardus
1238 2945 1373 3044 dapifer
1392 2944 1438 3020 de
1458 2942 1655 3034 dnewibe,
1673 2943 1858 3020 Heinricus
1875 2943 1956 3040 pin-

553 3089 656 3144 cerna
673 3067 719 3144 de
736 3071 874 3164 Latera,
894 3068 1057 3145 Albertus
1071 3068 1117 3145 de
1132 3071 1266 3164 Droicc,
1281 3078 1317 3144 et
1331 3069 1392 3144 alii
1405 3070 1640 3167 quamplures.

601 3194 727 3267 Datum
752 3195 789 3267 in
815 3195 1028 3290 Nortbusen,
1053 3217 1145 3271 anno
1168 3194 1306 3269 Domini
1329 3195 1509 3270 millesimo
1534 3191 1771 3270 ducentesimo
1796 3191 1956 3268 vicesimo

550 3317 662 3415 primo
675 3315 742 3417 (l),
761 3319 861 3396 tertio
878 3319 960 3395 idus
975 3320 1193 3418 septembris,
1213 3319 1401 3395 indictione
1416 3317 1614 3394 undecima.

1542 3639 1733 3654 unu—qn*—

361 3965 522 4078 npffi·
608 3944 813 4052 HenrieuS,
832 3944 1091 4030 Romanorum
1104 3969 1171 4027 rex
1181 4004 1193 4048 ,
1214 3969 1282 4053 per
1300 3942 1461 4054 speciale
1476 3941 1717 4053 privilegium
1734 3939 1960 4026 monasterio

557 4080 605 4164 de
618 4079 889 4164 Volkolderotb
904 4077 1103 4163 confirmat
1116 4077 1358 4163 traditionem
1375 4077 1585 4162 molendini
1602 4075 1642 4160 in
1659 4075 1820 4161 Burriob
1837 4076 1873 4160 ei
1890 4071 1960 4158 snb

558 4241 686 4299 annuo
704 4239 821 4300 censu
848 4214 1013 4298 domuum
1030 4239 1248 4298 marcarum
1265 4212 1405 4298 laetam
1423 4239 1447 4297 a
1464 4210 1632 4300 Swilrero
1653 4221 1692 4296 et
1713 4209 1892 4296 Conrado
1915 4207 1961 4291 de

556 4349 781 4436 Mulbousen
794 4409 807 4456 ,
822 4347 1132 4433 ministerialibus
1149 4347 1310 4458 imperii.

594 4615 632 4689 (t)
650 4615 695 4674 Sic
713 4615 741 4672 in
762 4615 896 4689 originali,
911 4631 973 4674 cum
992 4621 1081 4675 tamen
1102 4631 1136 4674 ex
1155 4614 1270 4674 caeteris
1287 4615 1453 4675 documentis
1469 4613 1662 4674 Nortbueensia
1674 4613 1749 4671 curia
1759 4609 1795 4670 ed
1810 4625 1874 4669 ann.
1892 4608 1960 4666 rme

557 4713 628 4773 clare
641 4714 783 4788 pertineat.
796 4715 909 4774 indictio
921 4730 1042 4790 quoque,
1057 4715 1137 4775 ruodo
1151 4730 1277 4775 caesarea
1293 4715 1344 4787 sit,
1358 4713 1516 4774 duodecima
1529 4729 1590 4774 esee
1601 4711 1722 4772 deberet.
