4324 5916
209 610 387 694 lrnrm.15.]
655 607 853 668 HISTORIA
877 607 1171 672 ntruouamcn
1560 607 1618 669 891

210 747 309 821 decet
322 766 399 819 esee
411 743 613 841 precipuam
639 743 791 816 maxime
808 744 899 816 circa
921 747 995 817 loca
1019 747 1180 840 religiosa
1198 755 1232 818 ct
1244 744 1338 818 vims
1355 744 1450 816 viros
1467 741 1539 838 (sic)
1560 765 1619 816 ec·

211 870 420 943 clesiasticos
443 877 483 940 ut
499 877 596 962 grata
613 867 664 940 eis
680 867 894 940 conseramus
911 868 1084 960 subsidia,
1106 871 1220 964 ipsum
1233 869 1440 942 honorantes
1458 867 1504 940 ad
1522 871 1621 960 cujus

210 1002 336 1066 sortem
360 993 459 1065 electi
481 1000 562 1062 sunt
586 1000 621 1062 et
640 991 829 1064 ministerio
855 992 1053 1087 mancipati.
1079 993 1178 1066 Unde
1204 1015 1267 1065 nos
1295 992 1342 1066 ad
1364 993 1560 1064 instantiam
1587 1002 1621 1062 et

210 1117 407 1210 petitionem
435 1117 472 1188 C.
494 1115 658 1210 propositi
680 1114 820 1207 majoris
840 1115 984 1188 ecclesie
1008 1117 1045 1188 in
1067 1117 1283 1203 Hildenscm,
1302 1116 1476 1188 civitatem
1494 1135 1619 1186 novam

210 1241 300 1312 inter
317 1240 516 1312 Hildansem
534 1248 569 1310 et
589 1239 743 1312 Iosbelre
757 1240 976 1314 constitutam
1004 1241 1149 1314 liberam
1172 1263 1248 1314 esec
1272 1261 1469 1330 censemus,
1484 1259 1561 1310 eam
1577 1239 1622 1310 ab

148 1427 152 1434 .
210 1363 399 1436 honeribus
419 1373 454 1436 et
470 1363 674 1436 muneribus
687 1363 877 1436 eximentes
896 1373 935 1436 nt
951 1366 1077 1439 telonia
1093 1375 1129 1438 ct
1142 1364 1367 1462 prestationcs
1382 1384 1471 1458 quas
1487 1362 1624 1435 debue-

210 1497 292 1560 runt
305 1488 393 1560 nulli
409 1487 540 1560 bomini
555 1487 768 1582 persolvant,
785 1487 849 1562 sed
866 1489 930 1562 soli
946 1490 1117 1584 preposito
1132 1489 1251 1582 majori
1269 1488 1331 1582 qui
1346 1486 1449 1560 fuerit
1463 1505 1526 1581 pro
1541 1493 1624 1558 tem·

212 1631 315 1706 pore,
332 1612 450 1706 quoad
465 1633 603 1686 omnem
621 1612 802 1684 utilitatem
820 1623 855 1686 et
871 1615 1098 1686 reverentiam
1115 1635 1250 1708 semper
1271 1611 1405 1686 subsint
1428 1619 1463 1684 et
1486 1610 1523 1682 in
1547 1611 1624 1702 ejus
1700 1707 1706 1718 ἡ

213 1734 398 1808 devotione
426 1744 662 1830 permaneant.
693 1735 852 1808 Libemm
879 1738 982 1810 etiam
1008 1738 1181 1832 preposito
1206 1738 1250 1810 sit
1274 1737 1311 1809 in
1334 1735 1458 1810 eadem
1484 1734 1625 1808 civitate

212 1857 372 1932 ordinare
393 1859 507 1932 officia
531 1859 568 1931 in
591 1859 799 1932 mechanicis
814 1869 848 1933 ct
863 1861 941 1934 aliis
955 1861 1236 1956 professionibus,
1257 1871 1292 1934 et
1304 1860 1485 1954 magistros
1497 1859 1623 1932 officio·

212 2003 290 2054 rum
304 1981 484 2056 instituere
500 1958 565 2078 oui
581 1982 759 2078 adipsum
776 1983 926 2058 babeant
943 1993 1136 2078 respectum
1151 1993 1186 2056 et
1199 1983 1275 2075 ejus
1291 1991 1423 2056 tantum
1439 1982 1624 2055 observent

208 2105 395 2197 judicium.
419 2107 645 2202 indulgemus
664 2109 767 2182 etiam
784 2108 896 2182 eidem
915 2108 1046 2182 civitati
1064 2110 1169 2182 semel
1183 2109 1220 2180 in
1238 2127 1329 2180 auno
1348 2103 1540 2197 nundinas,
1558 2105 1621 2178 sci·

212 2229 293 2302 licet
318 2231 354 2302 in
378 2231 465 2304 festo
481 2232 573 2304 beati
589 2232 778 2322 Lamberti,
798 2241 833 2304 ct
850 2233 962 2304 sorum
982 2233 1088 2306 semel
1116 2233 1153 2304 in
1173 2205 1381 2326 septimana,
1408 2230 1538 2302 scilicet
1564 2229 1621 2302 die

213 2351 389 2426 dominico
407 2355 463 2428 vel
477 2356 546 2429 alio
563 2377 667 2450 quem
684 2357 752 2428 sibi
771 2357 890 2428 utilem
906 2356 1058 2430 viderint
1074 2365 1108 2430 et
1123 2355 1355 2430 commodum.
1375 2353 1502 2428 Omnoe
1520 2353 1623 2426 etiam

214 2476 260 2549 ad
285 2477 460 2552 nundinas
486 2477 659 2573 predictas
677 2489 712 2552 et
729 2481 841 2552 lorum
866 2480 1045 2554 venientes
1059 2489 1094 2554 et
1107 2479 1189 2554 inde
1206 2479 1405 2554 recedentes
1425 2486 1540 2552 nostre
1553 2498 1625 2550 ma·

214 2598 411 2692 gnificentia
424 2602 578 2696 gaudere
591 2603 755 2676 volumus
772 2603 984 2678 detonsione.
1002 2604 1047 2676 Ut
1061 2612 1176 2677 autem
1194 2603 1259 2674 bec
1273 2612 1388 2676 nostre
1409 2601 1625 2695 indulgentie

213 2724 385 2799 ordinatio
408 2735 482 2800 rata
501 2735 535 2800 et
558 2726 762 2800 inconvulsa
782 2737 999 2822 permaneat,
1024 2748 1101 2800 eam
1120 2726 1226 2820 sigilli
1246 2734 1360 2798 nostre
1379 2725 1451 2820 (εἰσ)
1476 2726 1624 2821 impres·

213 2848 311 2922 sione
331 2849 507 2922 munimus
526 2859 561 2922 et
582 2851 628 2924 ab
644 2851 806 2922 omnibns
824 2849 965 2923 firmiter
977 2849 1187 2944 precipimus
1199 2848 1389 2922 observari.

262 2975 386 3046 Datum
401 2973 497 3070 apud
513 2974 741 3070 Herbipolim,
759 2975 792 3046 X
808 2973 973 3048 kalendas
988 2973 1196 3062 decembris,
1210 2972 1397 3046 indictione
1410 2971 1498 3044 ΧΨ.

469 3241 779 3254 ῇ--η-

268 3497 472 3605 Henricus,
497 3501 757 3586 Romanorum
787 3529 872 3606 rex,
902 3529 1118 3587 memorans
1151 3507 1376 3588 sententiam
1407 3505 1553 3589 noviter
1583 3506 1623 3586 in
1726 3528 1739 3570 r

214 3633 320 3715 curia
345 3633 463 3742 patris
486 3635 546 3718 sui
563 3635 865 3747 promulgatam,
887 3663 957 3720 nec
988 3663 1065 3720 non
1098 3649 1135 3722 et
1164 3639 1385 3724 dilationem
1417 3667 1440 3723 a
1471 3665 1512 3722 se
1541 3639 1633 3750 ipso
1679 3634 1756 3666 ’Μ

215 3765 318 3873 apud
337 3763 558 3850 Tridentum
577 3795 795 3853 concessam
821 3769 951 3852 delita
976 3769 1074 3852 inter
1100 3771 1320 3882 episcopum
1346 3782 1384 3855 et
1414 3771 1513 3856 cives
1542 3773 1623 3855 Ca-

214 3885 471 4008 meracenses,
491 3927 579 3986 cum
599 3901 770 4012 petitioni
796 3903 960 4013 episcopi
981 3903 1046 4013 jus
1072 3903 1195 3988 facere
1221 3915 1408 4012 teneatur,
1428 3903 1624 4014 privilegia

215 4030 356 4113 civium
373 4033 530 4117 omnino
548 4060 656 4117 cassa
672 4033 867 4120 diffinitive
890 4035 1077 4142 declarat,
1095 4037 1278 4148 jubetque
1304 4046 1348 4120 ut
1373 4038 1467 4120 haec
1493 4039 1623 4120 omnia

214 4163 317 4246 dicto
334 4164 509 4274 episcopo
527 4167 684 4250 reddere
709 4177 907 4252 teneantur
927 4177 963 4251 et
981 4194 1187 4278 campanae
1213 4170 1506 4278 communiaque
1523 4171 1619 4252 des-

213 4303 405 4404 truantur,
425 4298 533 4383 nulla
546 4297 807 4410 jurisdictione
824 4301 1025 4410 praedictis
1042 4301 1188 4386 civibus
1205 4313 1407 4387 reservata.

296 4508 386 4582 (uult.
404 4525 453 4586 ap.
472 4509 608 4571 uenata
619 4528 698 4591 poor
710 4511 750 4572 M.
769 4509 960 4596 icrclcctquc
976 4512 1011 4576 de
1032 4513 1169 4577 sambrae·
1182 4514 1289 4596 (Pom,
1306 4525 1393 4592 1772,
1408 4513 1508 4594 iri-4⁰),
1522 4519 1620 4596 places

331 4613 552 4690 Jmuncauves,
565 4625 598 4677 n·
610 4617 712 4693 xxm
727 4635 766 4678 ex
778 4620 959 4698 autographo
976 4622 1008 4680 ln
1026 4620 1105 4681 arch.
1122 4621 1286 4702 Gamerae,
1299 4622 1379 4682 undo
1391 4623 1536 4700 pendebat
1547 4631 1619 4688 tunc

337 4734 427 4782 aurea
437 4719 529 4797 buta,
540 4723 608 4784 llcet
620 4726 652 4784 ln
665 4726 820 4806 privilegio
833 4743 894 4787 non
906 4727 1065 4804 iudicatum
1081 4728 1148 4790 coll.
1162 4743 1280 4807 quoquc
1292 4745 1360 4790 cum
1371 4729 1473 4792 codice
1480 4731 1516 4808 ll,
1529 4741 1617 4796 tote.
