4330 5914
185 611 286 673 holm.
305 607 369 681 le]
641 603 836 666 elstonlll
863 604 1153 667 statuentes.
1544 605 1600 664 tol

188 747 320 842 prolate
344 743 479 818 decium
503 751 573 816 mm
601 760 801 836 camporum
830 763 935 835 quom
963 742 1213 833 bajulationnm
1242 740 1404 834 episcopo
1430 735 1603 812 Asculano

188 869 426 958 solvebantur,
441 887 507 938 nos
519 886 604 937 vcro
624 865 690 959 piis
705 867 782 957 ejus
799 865 962 958 piscibus
982 875 1173 938 annuentes
1194 863 1346 937 declinas
1364 873 1433 935 tam
1452 863 1498 936 de
1521 885 1603 958 pre-

189 993 292 1066 dictis
302 989 434 1086 campis
442 989 504 1084 qui
516 997 597 1062 snnt
607 987 725 1061 Asculi
738 998 773 1061 et
783 987 935 1062 Candelo
946 1011 1052 1082 quam
1064 989 1108 1062 de
1121 988 1390 1082 bajulationibus
1400 987 1602 1060 carumdem

189 1127 357 1189 terrarum
382 1136 429 1186 ex
451 1135 545 1184 nnnc
570 1113 749 1195 inantea,
774 1123 903 1185 remota
928 1113 1021 1184 omni
1046 1113 1238 1203 objectione
1254 1113 1310 1184 vel
1328 1107 1525 1199 occasione,
1546 1113 1602 1182 in·

189 1250 286 1334 tegre
310 1239 355 1312 ad
377 1238 488 1334 ipsius
508 1237 664 1332 episcopi
689 1237 946 1332 requisitionem
973 1239 1030 1309 vel
1048 1237 1167 1308 nuncii
1186 1237 1262 1328 ejus
1279 1257 1340 1306 seu
1362 1255 1599 1307 successorum

189 1385 254 1458 pro
271 1370 369 1458 porto
385 1361 528 1434 ecclesie
547 1360 720 1434 Asculano
732 1361 807 1432 sine
826 1383 922 1434 mora
937 1361 1091 1456 qualibet
1102 1361 1321 1456 precepimus
1338 1358 1517 1448 exbiberi3
1539 1379 1602 1432 nec

189 1487 353 1557 volumus
368 1485 406 1555 in
427 1483 572 1556 nimrim
588 1483 690 1555 aliam
714 1483 948 1576 probationem
968 1485 1013 1556 ab
1029 1506 1071 1557 oo
1087 1485 1144 1556 vel
1161 1503 1359 1556 successore
1383 1502 1446 1554 suo
1466 1501 1528 1554 sou
1550 1483 1602 1553 in-

189 1609 411 1704 quisitionem
443 1607 517 1680 lieri
548 1619 608 1678 ant
635 1608 835 1680 mandatum
864 1607 961 1680 alind
990 1608 1186 1704 expectari;
1209 1629 1257 1679 ex
1283 1627 1354 1699 qno
1376 1605 1477 1678 nobis
1502 1608 1603 1700 plene

192 1741 328 1804 constat
343 1732 438 1825 qnod
455 1741 608 1826 tempore
626 1731 709 1802 dive
731 1739 878 1824 auguste
895 1732 1013 1804 matris
1035 1741 1150 1804 nostre
1172 1729 1396 1824 imperatricis
1411 1729 1603 1804 Constantio

191 1855 322 1928 abinde
339 1877 451 1948 nsque
474 1877 568 1927 nunc
585 1855 620 1926 in
640 1853 785 1949 pacifica
801 1855 1018 1949 possessione
1035 1856 1174 1926 luerunt
1190 1853 1418 1948 perceptionis
1433 1853 1599 1947 ipsarum,

194 1979 278 2052 dnm
301 1981 538 2052 tantummodo
554 1980 847 2073 quandocumque
870 1979 1091 2074 privilegium
1107 1987 1260 2050 nostrum
1274 1978 1331 2050 vel
1347 1978 1601 2072 progenitorum

193 2113 387 2176 nostrornm
408 2103 633 2176 ostenderint.
666 2103 756 2176 lllnd
781 2103 875 2176 idem
900 2103 946 2176 de
972 2102 1116 2176 decimis
1144 2103 1313 2174 baronum
1340 2110 1374 2174 et
1400 2102 1547 2174 militnm
1569 2111 1604 2174 et

193 2247 493 2320 quorumcumque
510 2227 545 2298 iu
565 2227 729 2321 predictis
745 2227 843 2300 terris
856 2238 891 2299 et
907 2227 1083 2300 territoriis
1098 2225 1329 2298 laborantium
1342 2225 1388 2298 ad
1402 2226 1601 2321 petitionem

194 2351 249 2422 vel
269 2352 549 2443 conquestionem
566 2351 676 2446 ipsius
693 2352 750 2423 vel
764 2372 1000 2424 successorum
1018 2350 1227 2445 precipimus
1245 2348 1386 2421 tirmiter
1402 2351 1599 2442 observari,

195 2493 284 2564 pena
301 2471 413 2566 dupli,
432 2473 562 2545 scilicet
576 2472 660 2544 dnm
679 2474 840 2568 simplum
856 2473 900 2546 de
918 2495 982 2546 sua
998 2473 1122 2562 solvat,
1140 2473 1298 2568 imposita
1314 2483 1383 2542 tam
1399 2473 1602 2546 officialibus

194 2617 299 2686 quam
319 2595 507 2668 baronibus
525 2607 559 2668 et
573 2596 649 2668 aliis
663 2597 889 2690 supradictis,
909 2598 937 2668 sl
958 2596 1110 2670 decimas
1131 2597 1222 2690 ipses
1246 2597 1448 2668 subtrahant
1466 2597 1521 2669 vel
1538 2619 1604 2669 ne-

195 2719 372 2811 gaverint3
392 2719 470 2792 etsi
489 2729 626 2814 propter
644 2721 710 2792 boc
733 2720 780 2792 ad
804 2723 1016 2816 superiorem
1038 2743 1214 2793 recursum
1240 2721 1423 2792 habuerint
1448 2724 1523 2816 ipse
1549 2724 1603 2794 vel

195 2845 346 2916 nnncins
361 2845 437 2936 ejus
455 2867 517 2939 pro
534 2855 631 2941 parte
646 2847 820 2918 Ascalone
836 2848 990 2936 ecclesie,
1010 2858 1045 2918 ot
1056 2847 1224 2938 justitiam
1242 2848 1445 2940 negaverint
1462 2860 1521 2919 aut
1541 2849 1603 2920 de·

200 2968 437 3055 tractaverint,
463 2969 652 3064 puniantur
676 2977 839 3064 tanquam
868 2971 903 3040 in
924 2971 1038 3043 officio
1065 2970 1304 3064 delinquentes
1328 2970 1363 3038 in
1391 2971 1504 3042 causis
1527 2972 1604 3050 aliis

195 3090 351 3164 fidelium
371 3093 595 3188 privatorum.
619 3095 773 3166 Preterea
792 3093 943 3188 quedam
963 3095 1031 3168 alia
1048 3095 1159 3190 ipsius
1179 3093 1322 3166 ecclesie
1340 3096 1419 3186 jura
1443 3115 1603 3167 concessa

193 3225 229 3287 et
250 3215 452 3290 confirmata
481 3239 528 3290 ex
552 3217 708 3311 ejusdem
733 3219 826 3312 regis
851 3217 1043 3314 privilegiis
1068 3218 1112 3291 de
1137 3219 1246 3312 gratia
1269 3218 1408 3313 speciali
1435 3221 1471 3289 in
1498 3220 1603 3310 hujus

193 3339 303 3412 nostri
324 3341 496 3435 privilegii
520 3344 609 3415 serie
633 3343 820 3414 summarie
843 3342 1012 3414 duximus
1029 3342 1224 3415 inserenda.
1246 3343 1412 3414 Volumus
1430 3343 1545 3436 itaque
1569 3355 1603 3416 et

194 3463 405 3536 mandamns
427 3475 466 3536 nt
487 3487 592 3561 snper
613 3468 792 3563 temporali
806 3467 1045 3558 jurisdictione
1057 3488 1162 3562 qnam
1184 3468 1327 3540 ecclesia
1346 3466 1517 3541 Asculano
1541 3471 1603 3542 ob-

195 3587 284 3662 tinet
300 3611 406 3684 super
417 3591 571 3682 Jndnica
595 3602 634 3662 nt
656 3592 757 3664 nobis
779 3592 930 3664 constitit
947 3613 994 3664 ex
1011 3592 1231 3666 concessione
1249 3591 1368 3686 prelati
1391 3594 1495 3686 regis,
1518 3605 1552 3666 et
1568 3595 1603 3666 in

194 3714 340 3787 clericos
352 3724 387 3786 et
396 3715 521 3806 judeos
536 3715 655 3791 Asculi
669 3726 704 3788 et
717 3715 858 3789 Candeli
874 3737 979 3811 super
993 3717 1200 3808 redditibus,
1216 3717 1406 3812 plateaticis
1418 3720 1607 3812 vulgariter

194 3839 391 3932 appellatis,
407 3841 468 3934 qui
486 3850 720 3936 provenerunt
736 3862 783 3912 ex
797 3839 996 3912 venditione
1009 3861 1128 3913 eorum
1142 3863 1211 3934 que
1226 3841 1457 3913 venduntnra
1474 3845 1605 3916 clericis

195 3961 444 4057 undecumque
469 3964 619 4036 babeant
646 3975 681 4036 et
703 3986 724 4036 a
746 3963 862 4056 judeis
887 3965 1133 4059 undecumque
1159 3965 1245 4055 sint,
1272 3966 1388 4036 nullus
1415 3966 1605 4061 predictam

195 4087 376 4160 ecclesiam
401 4087 517 4182 aliquo
539 4087 645 4160 modo
666 4088 845 4160 molestare
865 4099 1051 4182 presumat.
1072 4089 1230 4183 Amplius
1249 4089 1412 4180 jubemus
1438 4101 1477 4160 nt
1502 4111 1606 4185 snper

195 4209 366 4282 adulterio
385 4219 420 4282 ot
435 4211 512 4283 aliis
531 4211 734 4283 criminibus
751 4211 868 4303 adjus
886 4213 1154 4285 ecclesiasticum
1174 4207 1443 4308 pertinentibus,
1462 4215 1507 4286 ad
1526 4235 1605 4286 cor·

196 4333 341 4425 rigeuda
360 4345 395 4406 et
413 4335 604 4410 coercendo
620 4346 801 4410 teneantur
823 4338 977 4431 magistri
992 4340 1097 4430 jurati
1115 4348 1150 4410 et
1166 4339 1274 4430 bajuli
1296 4339 1452 4432 requisiti
1472 4362 1535 4434 pro
1551 4341 1606 4411 vi·

198 4455 295 4528 ribus
312 4457 396 4530 dare
411 4460 581 4532 auxilinm
596 4470 630 4532 et
644 4462 796 4534 lavorem
811 4483 873 4556 por
888 4471 994 4534 wtam
1011 4463 1175 4536 diocesim
1194 4463 1414 4536 Asculanam.
1433 4464 1606 4538 Postremo

199 4582 422 4675 probibemus
439 4584 593 4657 districte
612 4607 657 4658 ne
673 4587 752 4680 quis
766 4588 898 4682 prelato
913 4589 1075 4684 episcopo
1089 4591 1143 4663 vel
1163 4591 1196 4662 ei
1215 4590 1275 4683 qni
1295 4589 1397 4660 inerit
1414 4611 1603 4682 successor,

201 4705 354 4798 predicte
373 4709 517 4782 ecclesie
539 4709 678 4782 nomine
694 4710 901 4806 presidenti,
919 4714 1108 4786 molestiam
1134 4714 1257 4787 inlerat
1273 4715 1344 4786 ullo
1365 4713 1469 4787 modo
1489 4723 1606 4788 contra
