4330 5914
227 607 331 668 Moror.
349 603 409 686 ln]
678 601 876 664 HISTORIA
903 602 1198 664 nlrhonttstclt.
1585 603 1647 666 68¹1

226 739 388 848 imperio
405 735 528 818 eidem
546 734 741 817 communi
759 735 1022 842 concedendis,
1039 746 1153 844 atque
1170 736 1218 818 de
1230 735 1388 818 diversis
1401 735 1640 818 libertatibus

225 872 371 954 ibidem
386 869 594 979 expressis,
615 868 759 951 addens
778 869 882 978 quod
899 869 1138 979 privilegium
1156 869 1196 951 in
1214 868 1287 952 hac
1304 869 1429 952 forma
1447 869 1496 952 ab
1514 871 1641 980 impe-

226 1015 353 1090 ratore
369 1002 560 1088 Friderico
577 1002 794 1084 confirmari
812 1002 923 1086 faciet
940 1013 977 1086 et
994 1003 1167 1088 bannum
1184 1003 1379 1112 imperiale
1397 1003 1575 1086 relaxari.

308 1219 401 1295 (uhts.
415 1235 463 1296 sp
479 1217 571 1280 Mrhrr
588 1225 619 1282 at
635 1217 794 1299 summa,
808 1219 882 1281 utet.
900 1217 1013 1300 acalpt.
1034 1217 1069 1280 dc
1089 1217 1119 1280 lc
1137 1218 1334 1300 municipalite
1346 1218 1380 1280 dc
1394 1218 1552 1298 Maracillc,
1566 1227 1592 1284 t.
1605 1223 1642 1297 I,

347 1343 380 1404 p.
391 1334 449 1386 als
463 1331 493 1386 ct
510 1341 643 1404 seqq..—
657 1326 793 1404 Amplius
806 1343 878 1388 vcro
891 1343 939 1406 up.
954 1327 1153 1402 Gurcusuou,
1168 1329 1243 1388 Mist.
1260 1326 1368 1410 pentat
1387 1325 1421 1388 dc
1435 1325 1465 1390 Iu
1478 1329 1590 1390 mchcu
1602 1327 1638 1388 dc

348 1431 465 1509 Scocie,
479 1447 620 1510 preuves,
632 1449 663 1510 p.
677 1440 732 1508 ⁵⁴3
747 1439 777 1494 ct
790 1450 836 1512 ap.
847 1433 991 1508 Duuour,
1007 1435 1097 1514 Corpr
1110 1431 1242 1514 diplom,
1253 1441 1276 1496 t.
1288 1436 1314 1508 l,
1327 1452 1355 1512 p.
1377 1432 1458 1512 los.)

277 1619 317 1689 ln
335 1619 475 1691 uomina
491 1619 627 1692 Domini
642 1621 749 1692 nostri
766 1621 847 1694 Jcsu
865 1621 999 1693 Christi.
1010 1621 1133 1695 Amen.
1143 1623 1217 1716 Ego
1230 1623 1352 1695 Tomos
1370 1642 1484 1694 comes
1499 1621 1641 1695 Sahau-

227 1741 300 1834 dic,
318 1743 470 1816 vicarius
488 1744 525 1814 in
540 1744 744 1818 lombardia
761 1744 892 1818 domini
910 1745 1064 1819 Fadarici
1083 1767 1144 1840 per
1163 1746 1225 1818 Dei
1247 1745 1392 1840 gratiam
1410 1747 1641 1820 Romanorum

227 1866 443 1961 immrataris
458 1875 493 1940 et
503 1868 595 1962 regis
609 1869 724 1942 Sicilie
738 1878 772 1942 et
783 1870 894 1962 Suria,
908 1871 1069 1966 promitto
1082 1869 1146 1942 tibi
1160 1871 1306 1964 Ugolino
1318 1869 1518 1944 Donadame
1530 1877 1642 1965 potes·

228 1989 288 2064 tati
301 1989 450 2064 Massilia
461 1993 600 2064 nomina
611 1993 803 2066 communis
815 1995 965 2068 Massilia
981 2004 1016 2068 ot
1029 2017 1091 2090 pro
1102 2017 1144 2068 co
1157 1994 1333 2090 stipulanti
1347 2002 1383 2068 et
1397 1993 1594 2089 recipienti,
1612 1995 1641 2066 si

227 2112 391 2187 dominus
408 2115 592 2212 imperator
610 2119 818 2192 commiserit
831 2119 916 2190 mihi
934 2128 1050 2215 partes
1067 2141 1148 2192 suas
1164 2119 1200 2190 in
1214 2116 1378 2214 sopienda
1392 2117 1565 2192 discordia
1582 2118 1642 2213 ip-

227 2238 299 2310 sius
318 2239 532 2334 imperatoris
549 2249 584 2314 et
598 2242 792 2314 communis
812 2243 981 2336 Massilia,
1003 2255 1037 2317 et
1057 2244 1094 2315 in
1111 2243 1333 2316 concedendo
1350 2241 1531 2336 privilegio
1549 2241 1642 2316 dicto

227 2363 402 2436 communi
415 2365 578 2458 Massilie,
595 2366 692 2460 quod
710 2389 756 2440 ex
773 2375 856 2439 tuuc
871 2367 960 2440 inlra
975 2377 1042 2440 trus
1061 2389 1197 2441 menses
1217 2367 1284 2439 nisi
1302 2365 1406 2438 luerit
1423 2375 1640 2461 prorogatum

227 2494 364 2581 tempus
375 2487 437 2560 vel
448 2489 514 2562 uisi
528 2497 718 2562 remaneret
729 2489 774 2563 de
783 2491 960 2565 voluntate
974 2493 1167 2564 communis
1178 2491 1344 2582 Massilie,
1361 2489 1452 2563 dabo
1466 2497 1501 2562 et
1519 2509 1642 2562 conoe-

227 2607 309 2682 dam
333 2611 474 2684 nomine
496 2612 579 2685 dicti
600 2614 815 2708 imperatoris
839 2623 874 2688 et
894 2624 1058 2709 tanquam
1076 2616 1228 2689 vicarius
1246 2613 1403 2706 ejusdem
1421 2614 1642 2709 privilegium

227 2731 321 2806 dicto
342 2737 517 2808 communi
533 2737 683 2812 Massilia
706 2747 767 2812 aut
786 2739 890 2812 alicui
908 2747 998 2812 certe
1015 2758 1160 2834 persone
1183 2737 1321 2810 nomine
1341 2737 1425 2810 dicti
1448 2736 1641 2809 communis

225 2859 403 2954 recipienti
415 2869 450 2932 et
461 2881 525 2956 pro
538 2882 593 2954 eo,
605 2862 642 2933 in
657 2862 800 2936 modum
812 2863 901 2936 infra
916 2863 1081 2958 scriptum
1092 2885 1100 2930 ε
1112 2861 1242 2935 scilicet
1257 2859 1353 2956 quod
1367 2860 1459 2932 dabo
1472 2870 1505 2931 et
1519 2881 1640 2932 conce·

226 2979 308 3054 dam
325 2987 499 3057 communi
517 2985 669 3062 Massilia
681 2987 957 3080 jurisdictionem
972 2986 1182 3060 ordinariam
1198 2997 1233 3059 et
1250 3008 1384 3059 merum
1401 2985 1583 3079 imperium
1602 2985 1639 3055 in

225 3113 295 3178 tota
313 3107 452 3182 civitate
464 3109 614 3184 Massilia
629 3114 753 3205 atejus
771 3112 892 3206 burgis
908 3121 942 3184 ct
959 3111 1159 3184 hominihus
1177 3109 1390 3195 eorumdem,
1413 3117 1482 3180 tam
1501 3107 1537 3178 iu
1556 3107 1639 3181 villa

225 3229 394 3324 superiori
413 3233 563 3308 Massilia
577 3256 647 3329 qua
660 3235 786 3309 dicitur
802 3235 1006 3332 episcopalis
1019 3243 1053 3308 et
1064 3233 1269 3307 canonicalis
1279 3253 1384 3328 quam
1400 3231 1437 3302 in
1456 3231 1539 3304 villa
1551 3230 1638 3302 inse·

224 3353 304 3426 riori
322 3355 471 3429 Massilia
483 3379 552 3452 que
566 3358 659 3433 dicta
671 3361 736 3432 luit
747 3361 1005 3452 vicecomitalia,
1019 3359 1109 3431 sicut
1119 3358 1281 3432 circuitur
1292 3356 1401 3429 muris
1416 3363 1451 3428 et
1463 3353 1598 3430 vallatis
1615 3375 1637 3426 a

223 3487 325 3574 portu
344 3481 443 3554 Porta
465 3483 592 3557 Gallice
611 3508 721 3582 usque
741 3487 787 3559 ad
806 3495 937 3582 portam
956 3485 1081 3559 Calade
1105 3495 1140 3558 et
1159 3507 1179 3558 a
1201 3491 1298 3580 porta
1315 3481 1442 3555 Caladc
1459 3501 1572 3575 usqua
1591 3477 1637 3552 ad

224 3600 387 3676 Sanctum
410 3605 599 3679 Iohannem
619 3617 653 3681 et
673 3609 718 3681 ab
737 3609 880 3682 ecclesia
898 3609 1012 3682 Sancti
1028 3608 1192 3682 Iohannis
1212 3626 1322 3702 usque
1345 3604 1392 3678 ad
1409 3603 1540 3677 dictum
1560 3623 1638 3698 por-

223 3731 298 3797 tum
313 3727 412 3802 Poste
425 3729 570 3824 Gallicc;
588 3731 704 3806 dando
720 3734 824 3808 ctiam
839 3743 874 3807 et
888 3731 1109 3807 concedendo
1120 3733 1186 3828 ipsi
1194 3728 1369 3804 communi
1376 3727 1527 3802 Massilia
1540 3726 1636 3822 quod

224 3847 489 3928 ailioeatlacere
498 3858 657 3930 consulas
669 3865 729 3930 aut
740 3867 941 3954 potestatem
956 3865 1016 3930 aut
1028 3857 1113 3930 alios
1126 3863 1286 3948 rectores,
1299 3861 1402 3949 prout
1413 3851 1479 3924 sihi
1490 3852 1636 3948 placue-

222 3969 268 4042 rit
277 3972 315 4044 iu
329 3975 468 4051 civitate
480 3979 629 4053 Massilia
638 3989 672 4054 et
684 3984 758 4076 ejus
770 3981 988 4073 hominihus,
1004 3980 1093 4052 sicut
1106 3977 1304 4074 supradicta
1315 3976 1438 4050 civitas
1455 3975 1636 4048 terminata

223 4103 286 4189 cst,
298 4105 334 4171 ct
348 4100 444 4193 quod
457 4102 559 4179 liceat
571 4103 663 4178 dicto
679 4107 854 4179 communi
871 4104 999 4179 dictam
1012 4105 1186 4179 civitatem
1201 4101 1352 4178 Massilia
1368 4121 1474 4196 supra
1492 4099 1635 4172 distinc-

222 4225 293 4292 tam
303 4223 412 4297 muris
427 4235 462 4298 et
474 4227 610 4302 vallatis
626 4238 661 4302 at
675 4230 827 4302 turribus
837 4231 895 4304 vel
908 4230 1006 4306 aliter
1021 4229 1157 4302 munira
1171 4227 1217 4303 ad
1230 4227 1341 4324 ipsius
1356 4223 1549 4300 communis
1565 4243 1635 4296 vo-

221 4341 401 4441 luntatem,
416 4360 451 4423 at
465 4352 562 4446 quod
576 4353 778 4430 liccatdicto
789 4355 963 4430 communi
974 4357 1085 4428 lacere
1093 4377 1156 4428 seu
1169 4355 1318 4427 condere
1329 4358 1502 4424 monetur
1511 4347 1633 4444 publi-

221 4486 315 4561 cam,
332 4469 478 4566 legalem
494 4485 529 4549 et
543 4477 688 4573 licitam,
709 4500 845 4554 aeream
868 4489 928 4553 aut
944 4489 1142 4576 argenteam
1162 4487 1222 4554 aut
1242 4497 1402 4569 auream,
1419 4481 1522 4570 prout
1542 4471 1634 4545 dioto

218 4597 396 4668 communi
411 4599 590 4694 placuerit,
605 4604 827 4697 salvojuraet
839 4607 970 4680 ratione
983 4601 1320 4694 comitisPruviucia;
1336 4608 1371 4674 et
1381 4597 1477 4696 quod
1489 4596 1581 4670 daho
1597 4602 1633 4668 et

220 4717 408 4794 concedam
425 4721 517 4800 dicto
534 4729 708 4802 communi
725 4731 874 4806 Massilia
888 4753 982 4806 mara
997 4739 1030 4806 at
1045 4731 1156 4827 ripam
1169 4727 1272 4801 maris
1283 4732 1446 4823 etportus
1456 4731 1491 4796 et
1501 4721 1632 4794 insulas

1417 4845 1471 4909 aa*
