4326 5910
205 603 303 662 brier.
324 599 385 675 tl]
656 590 856 656 HISTORIA
881 589 1173 653 ntnnoltltulctt
1562 590 1621 652 '167

209 733 395 810 concordie
415 733 452 804 in
475 751 540 804 suo
555 731 635 823 jure
655 739 815 826 prompta
842 729 1006 804 charitate
1033 731 1152 826 sepius
1179 727 1478 820 condescendunt,
1505 739 1620 804 nostre

206 859 395 954 maiestatis
410 877 552 931 assensu
568 854 767 945 accedente,
780 855 859 928 talis
872 854 960 928 inter
974 856 1070 950 ipsos
1083 854 1283 950 compositio
1297 853 1480 926 intervenit
1496 880 1505 924 ε
1523 853 1620 949 quod

207 988 329 1058 iratres
347 983 473 1057 domus
498 989 685 1054 memorate
707 989 818 1052 castro
837 980 910 1072 jam
934 980 1029 1054 dicto
1051 1001 1131 1052 cnm
1155 979 1228 1052 suis
1248 979 1463 1076 pertiuentiis
1483 1001 1619 1053 renun-

206 1111 347 1200 tiarunt,
362 1109 428 1180 bac
445 1108 553 1179 lorma
570 1115 610 1177 ut
623 1104 660 1176 C.
678 1113 713 1177 et
727 1103 766 1176 C.
785 1103 951 1200 suprafati
967 1127 1037 1177 unu
1053 1126 1133 1176 curn
1150 1103 1320 1176 uxoribus
1333 1105 1487 1200 ipsorum
1502 1126 1618 1179 coram

207 1235 308 1308 nobis
329 1231 504 1305 constituti
530 1252 638 1304 mann
661 1229 813 1303 adunata
837 1227 1006 1324 quicquid
1027 1229 1116 1322 juris
1138 1229 1173 1299 in
1190 1227 1309 1300 vineto
1333 1227 1561 1324 Rabenspurg
1584 1236 1619 1301 et

208 1359 433 1431 Gerbrunnen
459 1365 494 1428 et
510 1376 589 1428 area
606 1354 642 1425 in
658 1353 863 1447 Wirceburg
882 1351 1135 1449 profiterentur,
1162 1375 1223 1448 per
1248 1375 1389 1425 manum
1411 1361 1561 1426 nostram
1586 1361 1621 1425 et

208 1485 462 1556 salemanorum
495 1481 647 1574 ipsorum
678 1478 939 1571 sententialiter,
972 1478 1164 1552 secundum
1188 1479 1248 1571 jus
1274 1485 1308 1550 et
1334 1475 1620 1550 consuetudinem

208 1609 337 1703 patrie,
360 1605 520 1702 hospitali
545 1607 668 1678 Sancte
693 1603 801 1676 blarie
826 1613 1003 1698 prenotato
1030 1604 1222 1676 conterrent
1249 1603 1355 1675 libere
1382 1611 1417 1674 et
1442 1602 1617 1694 absolute3

209 1732 306 1828 quod
324 1733 453 1804 lactum
470 1729 535 1802 rite
552 1738 587 1801 et
603 1728 848 1801 rationabiliter
864 1728 1058 1802 secundum
1075 1731 1218 1802 sormam
1238 1726 1429 1824 predictam
1448 1727 1484 1800 in
1506 1737 1622 1801 nostre
1737 1749 1741 1755 ·

209 1855 399 1950 majestatis
420 1854 593 1952 presentia
616 1863 855 1949 protestamur.
876 1851 932 1925 Ad
956 1859 1117 1946 majorem
1141 1861 1257 1926 autem
1274 1851 1472 1926 venerande
1496 1852 1622 1926 domus

212 1981 382 2055 cautelam
399 1989 434 2052 et
447 1979 535 2074 juris
546 1979 602 2050 sni
615 1976 874 2069 firmitudinem,
892 1977 1012 2051 iratres
1028 1977 1172 2073 predicti
1190 1974 1241 2072 (a)
1256 1978 1291 2048 in
1302 1977 1469 2073 promisso
1484 1999 1505 2050 a
1521 1977 1623 2050 nobis

211 2117 246 2180 et
263 2105 424 2202 saporatis
439 2104 563 2178 nostris
577 2102 740 2176 fidelibus
754 2112 962 2198 acceperunt
982 2112 1039 2196 ut,
1057 2102 1087 2178 si
1103 2123 1174 2197 qua
1190 2103 1276 2176 forte
1294 2102 1331 2174 in
1347 2111 1521 2197 posterum
1537 2102 1621 2197 ipsis

210 2231 380 2328 impetitio
403 2229 440 2303 in
466 2229 568 2304 bunis
593 2245 852 2323 aqnocumque
878 2235 1068 2323 emergeret
1092 2227 1266 2318 antelatis,
1292 2225 1481 2323 plenariam
1504 2235 1574 2300 tam
1600 2248 1622 2300 a

210 2365 327 2430 nostre
353 2351 568 2429 celsitudinis
595 2350 851 2446 magnificentia
874 2375 981 2448 quam
1003 2352 1048 2426 ab
1073 2352 1158 2448 ipsis
1181 2351 1315 2448 ubique
1340 2352 1495 2425 locorum
1519 2373 1623 2452 super

210 2480 344 2554 eisdem
362 2480 577 2554 warandiam
597 2479 804 2553 obtinerent.
823 2477 882 2552 Ad
898 2479 1003 2572 hujus
1019 2487 1134 2552 autem
1158 2477 1356 2553 donationis
1379 2487 1414 2550 et
1438 2476 1638 2569 confirma-¹

210 2605 439 2679 tionisnoatre
452 2605 651 2678 memoriam
662 2613 697 2678 et
707 2613 907 2699 perpetuam
922 2602 1130 2690 firmitatem,
1145 2623 1287 2698 presens
1304 2602 1525 2698 privilegium
1540 2602 1623 2676 inde

211 2729 382 2803 conscribi
394 2738 429 2801 et
448 2729 562 2824 sigillo
574 2737 688 2801 nostre
705 2728 892 2820 majestatis
901 2727 1071 2820 jussimus
1085 2726 1304 2800 communiri.

259 2854 370 2945 liujus
389 2854 439 2926 rei
458 2861 560 2926 testes
584 2861 666 2926 sunt
681 2852 891 2925 Eckcbertus
907 2853 1092 2948 episcopus
1110 2850 1427 2948 Babenbergensis,
1447 2849 1623 2924 Arnoldus

212 2977 407 3074 prepositus
422 2987 456 3050 ot
471 2976 666 3051 Goteiridus
681 2975 945 3050 archidiaconns
964 2975 1121 3050 canonici
1139 2975 1419 3073 Herbipolenses,
1439 2975 1622 3070 Marquar-

213 3101 282 3176 dns
297 3103 452 3176 notarius
469 3077 624 3198 imperii;
641 3101 720 3176 laici
736 3101 926 3197 Diopoldus
941 3101 1095 3175 marchio
1112 3101 1157 3174 de
1172 3101 1330 3196 Voburg‚
1350 3099 1547 3176 Gerbardus
1560 3121 1625 3174 co-

213 3250 287 3301 mcs
304 3228 350 3301 dc
364 3228 464 3320 Diez,
483 3229 655 3325 liupertns
671 3249 787 3301 comes
803 3225 848 3300 de
863 3225 993 3300 Castele
1009 3235 1043 3298 et
1059 3227 1162 3298 irater
1179 3247 1265 3297 suus
1280 3223 1394 3298 comes
1407 3223 1620 3316 uodaricus,

213 3353 421 3449 blangoldus
433 3353 478 3428 de
487 3355 684 3451 Vuiltperg,
698 3351 896 3426 Waltberus
907 3351 952 3426 de
963 3351 1206 3447 Langenberg,
1222 3350 1444 3426 Eberbardus
1457 3350 1502 3424 de
1513 3351 1626 3424 Nuen·

213 3478 316 3572 berg,
335 3477 558 3552 Eberbardus
577 3477 712 3575 dapifer
733 3477 778 3552 de
797 3477 998 3573 Waltburg,
1020 3475 1199 3550 Conradus
1221 3477 1386 3572 pincerna
1410 3475 1455 3548 de
1475 3473 1622 3571 Scbipb,

214 3601 448 3677 Theodericus
466 3601 512 3678 de
528 3603 751 3696 Hobenberg,
775 3601 978 3677 Ecltbardus
1000 3603 1209 3696 Pulliculns,
1228 3601 1452 3676 blarcnardus
1475 3601 1623 3692 Vuaiso,

214 3727 424 3824 liudpertus
440 3729 563 3818 Torso,
581 3730 802 3802 lluollramue
818 3728 864 3802 de
879 3727 1190 3822 Vuitoldsbausen,
1209 3738 1244 3801 et
1261 3727 1320 3802 alii
1338 3727 1573 3824 quamplures.

263 3851 1283 3946 Actasuntbecannodominiceincarnationislll.CC.XXlll,
1296 3853 1570 3950 indictioneXll(
1594 3853 1623 3952 ).

263 3977 389 4049 Datum
406 3977 631 4073 Wiroeburg,
651 3980 713 4064 llll
728 3980 881 4074 augusti.

257 4127 300 4207 (a)
321 4129 358 4189 ln
371 4130 513 4206 lmpresso
527 4125 636 4207 dilecti
652 4131 750 4192 minua
766 4135 856 4192 recte.

254 4366 292 4442 (4)
309 4365 422 4424 lndictiu
433 4366 485 4424 xtl
495 4366 628 4425 ordinaria
641 4365 788 4440 respondet
798 4364 906 4440 qrridem
921 4381 992 4424 anno
1003 4365 1066 4424 Chr.
1080 4368 1160 4424 teat.
1174 4365 1227 4424 Sed
1241 4366 1279 4424 ibi
1291 4381 1433 4441 perperam
1445 4370 1541 4424 notata
1549 4366 1626 4426 vida·

218 4470 277 4536 tur;
290 4479 356 4522 nam
367 4463 431 4523 Otto
441 4466 585 4540 episcopus
596 4465 831 4540 wirceburgensis
841 4465 867 4521 in
881 4465 934 4522 boc
942 4465 1122 4524 instrumento
1135 4465 1294 4524 interrivos
1302 4468 1466 4523 memoratus
1479 4463 1546 4523 obiit
1558 4482 1630 4524 anno

219 4565 304 4635 ⁴22³,
318 4563 388 4622 brel
403 4568 437 4620 lo
449 4563 614 4622 novembris.
624 4563 664 4624 Ci.
675 4563 863 4635 nemun,
875 4563 979 4621 Hirtm.
991 4565 1105 4639 episcop.
1125 4563 1250 4633 Wirccb„
1264 4581 1293 4638 p.
1305 4567 1350 4623 82.
1360 4565 1425 4620 lure
1442 4580 1505 4638 ergo
1516 4565 1551 4622 ad
1563 4581 1629 4624 ann.

220 4663 298 4734 ml,
308 4669 340 4718 nt
356 4662 473 4720 editores
485 4663 602 4719 bionum.
617 4662 757 4719 lloicorum
772 4667 895 4733 monent,
912 4661 1080 4736 priuilegium
1090 4661 1200 4720 Hendci
1213 4677 1244 4720 se
1255 4661 1379 4734 exbibet,
1395 4677 1478 4736 quum
1491 4667 1630 4738 praeterea

218 4759 389 4833 priuilegium
401 4759 527 4818 l‘riderici
540 4758 766 4818 confirmatorium
777 4759 910 4836 posterim
923 4765 1060 4836 appareat.
1071 4761 1150 4834 Quod
1162 4775 1242 4820 omne
1253 4761 1332 4836 quasi
1346 4759 1458 4820 dubium
1470 4761 1548 4822 tollit.
