4330 5914
228 597 328 661 lunrcr.
349 595 408 684 lt]
682 597 879 661 HISTORIA
906 595 1198 657 ulammaulas.
1585 597 1645 658 ott

230 737 370 808 affectu.
386 737 495 807 lmmo
513 755 576 829 pro
590 736 782 808 reverentia
797 733 984 808 salvatoris
1000 735 1100 825 cnjus
1112 730 1288 826 negotium
1305 729 1570 804 intendebamus
1586 733 1644 804 el-

231 859 382 932 ficaciter
399 881 600 954 procurare,
620 859 823 932 volebamus
845 859 927 930 inde
947 857 1097 950 benigne
1121 877 1223 950 agere
1251 877 1331 927 cum
1355 855 1486 929 eisdem
1510 865 1544 928 et
1564 857 1645 928 talia

231 985 343 1058 lacere
354 1006 423 1078 que
439 985 637 1058 nullatenus
651 983 863 1070 fecissemus,
879 983 945 1054 nisi
964 1004 1069 1054 causa
1086 991 1154 1052 tam
1171 991 1302 1070 sancta,
1315 979 1420 1052 immo
1432 981 1645 1054 sanctissima

231 1130 294 1180 nos
313 1118 461 1202 urgeret.
482 1107 550 1180 Sed
569 1108 683 1180 statim
704 1107 801 1203 quod
818 1109 962 1198 ivimus,
984 1128 1048 1202 pro
1071 1129 1157 1202 pace
1177 1105 1379 1178 scandalum
1405 1115 1439 1178 et
1463 1127 1525 1200 pro
1545 1105 1642 1177 beni·

230 1231 362 1323 gnitate
377 1233 542 1304 malitiam
558 1233 646 1306 adeo
663 1232 699 1302 in
718 1232 769 1305 eis
785 1232 982 1304 invenimus
1000 1229 1097 1324 quod
1114 1252 1178 1302 nec
1196 1237 1364 1324 quantum
1380 1228 1566 1300 niteremur
1583 1229 1643 1302 be·

232 1355 336 1448 nigne
355 1356 447 1428 circa
464 1358 558 1450 ipsos
571 1377 690 1449 agere,
712 1377 782 1428 nou
801 1357 977 1450 potuimus
994 1376 1054 1427 eos
1076 1355 1122 1426 ab
1138 1355 1259 1448 iniquo
1272 1353 1447 1448 proposito
1464 1373 1638 1426 revocare.

230 1479 356 1572 Sisque
378 1481 503 1552 lactum
524 1489 576 1551 est
598 1478 693 1573 qnod
719 1501 839 1551 eornm
866 1479 1021 1573 nequitia
1049 1478 1259 1574 perdurante
1280 1487 1349 1550 tam
1377 1477 1521 1550 celebris
1545 1479 1642 1551 curia

233 1623 295 1696 pro
310 1625 348 1674 re
364 1613 431 1674 tam
451 1604 577 1698 digna,
593 1603 699 1675 immo
716 1601 919 1697 dignissima
937 1603 1119 1676 constituta
1138 1603 1292 1676 debitum
1307 1623 1376 1674 non
1390 1604 1501 1697 potuit
1515 1601 1642 1676 habero

231 1749 440 1821 processum.
460 1731 497 1799 ln
515 1749 586 1822 quo
604 1737 773 1822 quantum
790 1729 864 1824 ipse
884 1729 977 1800 Deus
996 1730 1095 1820 cujus
1113 1727 1290 1820 negotium
1307 1726 1475 1818 agebatur
1489 1728 1642 1819 graviter

230 1850 275 1922 sit
292 1849 456 1941 offensus,
474 1862 643 1946 quantum
659 1851 781 1924 honori
796 1861 913 1924 sancte
926 1853 1077 1924 Romane
1094 1852 1245 1924 Ecclesia
1258 1872 1323 1923 nec
1341 1873 1411 1922 nou
1428 1861 1462 1922 et
1476 1860 1591 1924 nostro
1604 1861 1639 1924 et

230 1973 364 2068 imperii
378 1975 479 2048 luerit
488 1977 828 2068 derogatum,vestra
839 1976 1000 2047 sanctitas
1012 1975 1320 2070 adverterepoterit
1329 1974 1633 2066 diligenter.Sane,

230 2097 426 2170 beatissime
438 2101 548 2186 Pater,
560 2101 639 2172 licet
652 2099 884 2195 potuissemus
897 2099 1065 2172 hactenus
1078 2109 1113 2172 et
1126 2099 1297 2194 possimus
1310 2105 1422 2172 tantm
1433 2107 1468 2170 et
1481 2100 1566 2171 tales
1581 2099 1636 2170 in-

224 2221 336 2314 jurias
349 2223 541 2316 vindicare,
551 2226 633 2318 quia
646 2234 761 2298 umen
776 2224 951 2318 negotium
961 2223 1208 2319 redemptionis
1220 2222 1316 2317 quod
1331 2224 1457 2295 nostris
1471 2223 1638 2296 duximus

229 2347 380 2420 humeris
403 2349 647 2445 applicandum
678 2359 882 2446 postponere
912 2351 1073 2422 nolumus
1097 2371 1161 2422 nec
1187 2349 1355 2422 debemus
1382 2357 1416 2422 et
1442 2349 1488 2421 ad
1511 2369 1638 2422 execu-

229 2471 357 2543 tionem
384 2473 492 2567 ipsius
516 2473 651 2547 ardenti
674 2474 846 2548 desiderio
869 2473 1083 2568 aspiramus,
1110 2473 1266 2566 ejusdem
1291 2474 1432 2567 insuper
1455 2484 1637 2568 sequentes

228 2598 429 2690 exemplum
463 2599 524 2692 qni
555 2610 696 2672 mortem
736 2621 799 2694 pro
835 2599 935 2671 nobis
968 2598 1138 2693 recipiens
1168 2600 1389 2693 temporalem
1424 2621 1504 2672 snas
1533 2600 1637 2672 susti·

229 2721 305 2792 nuit
325 2722 468 2814 injurias
489 2724 669 2816 patienter,
687 2726 770 2817 quia
786 2725 890 2795 etiam
905 2723 951 2796 de
964 2723 1176 2816 benignitate
1195 2733 1308 2795 vestra
1330 2724 1518 2818 pleniorem
1545 2723 1636 2798 fidu·

228 2845 316 2917 ciam
338 2847 553 2938 obtinemus,
575 2846 774 2940 hujusmodi
798 2869 938 2920 causam
965 2848 1051 2919 iuter
1077 2869 1140 2919 nos
1166 2857 1201 2920 et
1228 2847 1437 2920 Lombardos
1466 2849 1637 2941 predictos

227 2968 449 3054 ordinationi,
464 2969 680 3064 dispositioni
697 2981 732 3043 et
746 2971 914 3043 voluntati
934 2980 1047 3043 vestre
1062 2991 1104 3043 ac
1120 2971 1262 3042 fratrum
1276 2980 1467 3043 uestrorum
1485 2995 1636 3046 venera-

228 3091 350 3163 bilium
371 3091 599 3165 cardinalium
621 3094 791 3167 duximus
812 3096 921 3168 libere
942 3095 1237 3182 committendam,
1268 3095 1415 3168 scientes
1437 3119 1500 3169 nos
1522 3107 1634 3169 ratum

228 3215 405 3288 babituros
430 3225 464 3288 et
487 3216 626 3290 firmum
648 3219 816 3314 quicquid
842 3217 1060 3315 pmvidentia
1084 3227 1198 3292 vestra
1220 3219 1411 3292 decreuerit
1429 3221 1559 3295 exinde
1583 3223 1633 3295 sa·

228 3336 405 3410 ciendum.

274 3463 400 3534 Datum
415 3461 547 3557 Asculi,
567 3465 738 3560 vigesimo
753 3488 844 3538 nono
861 3468 1013 3561 augusti,
1033 3468 1287 3563 quartodecimo
1302 3468 1512 3542 indictionis.

278 4146 508 4254 Fridcricus,
536 4151 796 4237 Romanorum
832 4155 1053 4265 imperator,
1088 4157 1321 4245 universitati
1358 4167 1472 4248 castri
1508 4169 1635 4254 Sancti
1657 4181 1839 4290 „ffggpggg

225 4279 387 4364 Miniatis
403 4291 441 4364 et
455 4284 635 4368 omnibus
652 4285 829 4370 fidelibus
851 4289 901 4370 ad
927 4292 1101 4374 eamdem
1129 4295 1388 4378 castellaniam
1406 4301 1633 4408 pertinenti-

225 4411 297 4494 bus
325 4417 483 4498 mandat
500 4427 543 4500 ut
560 4419 758 4503 intendant
775 4431 812 4504 et
829 4426 1083 4532 respondeant
1099 4427 1290 4512 Everardo
1307 4435 1441 4540 nepoti
1459 4435 1634 4519 llainaldi

225 4544 333 4628 ducis
361 4547 501 4656 Spoleti
528 4559 566 4633 et
591 4551 799 4664 imperialis
817 4555 975 4641 Tusciae
998 4558 1132 4669 legati,
1153 4587 1257 4644 nunc
1279 4563 1485 4650 castellano
1508 4565 1635 4652 Sancti

225 4677 388 4762 lliniatis
406 4683 624 4768 constituto.
