4324 5916
195 627 295 689 lenter.
314 627 377 706 lb]
648 620 846 684 HISTORIA
869 619 1167 683 btrnottarlce.
1558 619 1619 682 909

195 785 287 837 ansn
307 761 436 836 dnctns
456 758 640 834 temerario
663 757 870 856 prelibatum
887 757 1049 830 abbatem
1070 765 1105 830 ct
1127 777 1231 830 sunm
1253 763 1465 832 conventum
1479 755 1516 828 in
1538 777 1618 854 pre·

197 897 316 960 taxata
343 894 460 958 nostra
482 883 671 958 donatione
692 883 782 978 juris
805 890 1007 980 patronatus
1027 881 1197 978 impedire
1216 879 1345 956 audeat
1365 881 1422 956 vel
1445 882 1483 954 in
1499 881 1618 977 aliquo

196 1013 395 1084 molestare.
427 1008 531 1095 Quod
556 1008 619 1104 qni
640 1006 897 1104 attemptaverit
919 1006 1193 1102 indignationem
1220 1015 1255 1079 et
1283 1027 1425 1102 gravem
1447 1007 1617 1081 offensam

196 1144 315 1210 nostre
329 1133 548 1209 celsitudinis
558 1153 597 1206 se
612 1132 747 1207 norunt
757 1131 956 1206 incurrisse.
967 1133 1012 1206 Et
1023 1130 1071 1205 ad
1086 1133 1251 1225 majorem
1264 1130 1477 1205 evidentiam
1492 1139 1528 1204 et
1545 1153 1618 1205 oer-

197 1261 384 1336 titudinem
399 1268 516 1334 nostre
532 1258 736 1349 collationis,
749 1267 941 1355 presentem
959 1258 1105 1331 litteram
1124 1255 1295 1330 consmibi
1313 1255 1458 1330 fecimus
1474 1277 1554 1330 cum
1572 1255 1618 1329 si-

198 1386 273 1481 gilli
292 1386 399 1458 nostri
418 1385 608 1481 patrocinio
625 1393 661 1456 et
676 1383 882 1480 subscriptis
899 1383 1046 1457 testibus
1064 1382 1325 1456 communitam.

249 1511 368 1583 Testes
385 1515 502 1584 antem
520 1507 582 1603 qui
596 1507 764 1604 prelibato
782 1508 872 1582 lacto
893 1518 1009 1582 nostro
1027 1509 1256 1581 interfuerunt
1273 1506 1324 1580 hii
1340 1515 1423 1580 sunt
1442 1534 1452 1578 r
1473 1527 1619 1581 venera·

201 1633 281 1705 bilis
294 1631 518 1706 Eberhardns
535 1631 795 1728 salzburgensis
809 1631 1102 1730 archiepiscopus,
1116 1634 1335 1708 dermannus
1348 1632 1615 1730 Herbipolensis,

199 1757 383 1830 Heinricus
406 1755 610 1832 llistetensis
632 1757 803 1855 episcopi,
830 1757 1041 1834 Lndewicne
1062 1759 1239 1850 Bawane,
1264 1758 1441 1854 Lupoldns
1461 1756 1615 1852 Austris,

198 1881 414 1955 Ludewicus
431 1880 605 1958 Charintie
622 1883 747 1977 duces,
768 1886 986 1959 Hermannns
1003 1885 1169 1979 magister
1184 1883 1310 1958 domus
1327 1883 1617 1960 Thentcuiccrnm

198 2007 524 2105 lerosolymitanns,
544 2007 729 2084 Bertoldus
751 2009 855 2084 fratm
872 2009 999 2084 domus
1020 2009 1179 2104 ejusdem
1197 2007 1244 2084 de
1260 2007 1507 2101 Tannenrode,
1528 2006 1617 2082 Con·

198 2131 308 2206 radus
325 2131 536 2226 burgravius
556 2131 603 2206 de
619 2133 842 2224 Nnrnberch,
862 2133 1057 2210 Fridericus
1077 2135 1124 2209 de
1143 2132 1435 2228 Drnbendingen,
1457 2132 1618 2206 Gerlacm

200 2255 247 2330 de
272 2255 462 2350 Bntingen,
482 2255 705 2332 Eberhardns
727 2257 863 2356 dapifer
880 2258 926 2334 de
943 2259 1126 2356 Walpnrc,
1149 2258 1328 2333 Conradus
1345 2267 1381 2333 et
1396 2256 1618 2332 Eberhardns

199 2379 365 2475 pincerne
386 2379 433 2454 de
459 2379 738 2476 Winterstetten,
758 2382 893 2456 Ulricns
916 2393 952 2456 et
976 2383 1154 2481 Lupoldns
1177 2383 1321 2476 notarii,
1347 2392 1383 2458 et
1408 2382 1468 2457 elii
1493 2403 1616 2478 qnam·

199 2506 329 2602 plures.

248 2629 374 2704 Actum
395 2651 488 2706 anno
506 2630 680 2706 dominice
700 2631 946 2707 incarnationis
967 2633 1016 2706 bl.
1036 2632 1099 2707 CC.
1119 2632 1256 2706 XXVll.

250 2755 377 2828 Datum
395 2755 493 2853 apud
512 2755 737 2854 llerbipolim‚
757 2754 876 2831 idibus
893 2756 1027 2850 marcii,
1048 2755 1236 2832 indictione
1252 2755 1376 2852 quinta
1394 2755 1541 2832 decima.

1272 3059 1401 3072 *m

252 3339 455 3448 lienricns,
474 3341 736 3426 Romanorum
753 3368 836 3450 rex,
856 3342 1087 3428 monasterio
1104 3342 1334 3456 Steingeden
1352 3346 1702 3463 proprietatem
1703 3364 1793 3474 33¹3

198 3473 368 3557 duorrrm
381 3499 606 3560 mensorum
623 3476 664 3558 in
683 3475 776 3560 villa
792 3476 1137 3588 Widergeltingen,
1153 3503 1272 3590 quam
1289 3479 1384 3564 olim
1396 3480 1477 3564 dux
1494 3481 1620 3568 Welfo
1673 3475 1701 3519 ²⁰
1703 3424 1806 3518 m

199 3606 259 3690 illi
280 3607 507 3714 tradiderat,
529 3619 568 3694 et
586 3609 652 3720 jus
674 3609 805 3696 leudi
794 3637 835 3694 ιιι
852 3611 997 3696 eisdem
1014 3611 1180 3762 mansis,
1199 3614 1305 3723 quod
1322 3614 1401 3700 duo
1418 3613 1555 3700 iratres
1571 3617 1621 3701 de

200 3739 419 3852 Dachspere
435 3768 506 3851 pro
527 3743 626 3828 LXX
642 3745 782 3828 marcis
801 3745 949 3857 argenti
966 3745 1049 3857 regi
1070 3773 1176 3832 nunc
1196 3747 1463 3859 resignabunt,
1482 3751 1621 3835 confir-

199 3883 283 3959 mat
300 3882 338 3958 et
354 3873 513 3960 confert.

284 4090 382 4174 (lldlt.
397 4109 447 4170 ap.
460 4092 592 4154 Manum.
609 4091 710 4167 Bcicrr,
723 4099 748 4157 t.
766 4093 824 4170 v1,
838 4111 870 4174 p.
885 4103 957 4172 617,
971 4101 1002 4158 ct
1020 4102 1175 4160 memoret.
1190 4094 1316 4174 ididem,
1334 4104 1356 4162 t.
1374 4099 1479 4177 XXX,
1495 4117 1526 4180 p.
1544 4111 1617 4177 145,

322 4199 376 4261 ubl
391 4199 523 4280 siglllnm
535 4199 737 4281 describitur.)

251 4387 435 4462 Heinricns
455 4389 623 4486 septimus
643 4390 705 4464 Dei
730 4389 843 4499 gratia
868 4391 1099 4466 Romanorum
1124 4413 1189 4467 rex
1213 4401 1248 4467 et
1272 4415 1408 4490 semper
1431 4405 1613 4491 augustus.

199 4512 259 4588 Ad
280 4521 398 4587 eterne
421 4515 493 4588 vite
520 4515 717 4590 felicitatem
741 4526 777 4591 et
801 4518 998 4614 temporalis
1022 4519 1121 4614 regni
1148 4519 1397 4592 incrementum
1416 4521 1515 4595 nobis
1537 4545 1618 4620 pro·

200 4639 306 4713 desse
327 4661 397 4712 non
418 4640 646 4735 ambigimus,
667 4642 697 4714 si
713 4663 880 4738 personas
898 4644 1078 4737 religiosas
1095 4645 1131 4717 in
1154 4643 1228 4718 snis
1250 4643 1431 4718 desideriis
1448 4647 1618 4724 exaudire

199 4787 403 4840 curaremus
416 4775 449 4840 et
464 4767 556 4841 circa
572 4768 754 4844 commoda
768 4769 991 4844 ecclesiarum
1005 4793 1125 4846 curam
1137 4781 1173 4847 et
1184 4793 1326 4870 operam
1340 4769 1619 4868 impenderemus
