4330 5914
563 539 626 602 ost
1071 536 1282 600 rnrnnnrcr
1307 539 1479 602 secuunr
1787 497 1868 622 [ab.
1886 545 1973 608 raso.

566 673 725 750 iaciendo
738 695 798 748 eas
816 695 879 768 per
902 671 1082 768 episcopos
1105 681 1141 746 et
1165 673 1252 748 alios
1272 674 1493 748 ecclesiarum
1519 675 1668 770 prelatos
1691 697 1773 750 cum
1796 677 1973 774 diligentia

568 797 751 886 custodiri;
768 798 829 892 qui
844 807 950 870 terras
964 795 1104 870 easdem
1121 798 1218 870 salvo
1225 800 1305 891 jure
1318 809 1379 872 tuo
1393 799 1601 890 custodiant,
1622 809 1682 875 tua
1697 801 1734 872 in
1757 801 1842 897 ipsis
1859 813 1895 876 et
1909 803 1973 875 im·

568 925 655 1022 perii
672 923 837 996 fidelitate
852 932 1006 1012 servata,
1024 929 1063 992 ut
1085 943 1166 994 cum
1183 943 1230 994 ex
1245 923 1475 996 insinuatione
1499 923 1602 1018 legati
1620 923 1778 1018 jamdicti
1804 925 1907 998 nobis
1931 927 1974 1000 de

567 1048 731 1146 predictis
756 1045 959 1135 constiterit,
979 1048 1059 1140 jura
1078 1055 1137 1118 tua
1155 1047 1288 1118 nuntiis
1304 1049 1362 1121 vel
1379 1048 1547 1121 ordinatis
1565 1049 1634 1122 tuis
1654 1049 1729 1121 sine
1745 1049 1899 1144 periculo
1915 1073 1974 1146 pa·

568 1173 618 1246 cis
643 1181 677 1244 et
700 1169 782 1242 fidei
806 1167 939 1241 restitui
967 1168 1145 1240 iaciamus.
1166 1168 1355 1264 lmperialis
1372 1170 1479 1265 igitur
1501 1169 1759 1266 circumspectio
1778 1171 1973 1246 dilationem

568 1294 769 1390 hujusmodi
803 1293 971 1366 sustineat
991 1293 1171 1388 patienter,
1198 1296 1424 1368 neeessariam
1459 1295 1596 1390 negotio
1626 1295 1723 1392 pacis
1744 1305 1778 1369 et
1801 1295 1883 1370 fidei
1906 1319 1974 1393 que

570 1443 650 1494 cum
668 1415 876 1515 inpartibus
892 1417 960 1490 illis
977 1439 1071 1490 nuuc
1085 1418 1185 1512 quasi
1205 1417 1250 1491 de
1265 1440 1356 1492 novo
1374 1419 1558 1516 plantetur,
1573 1420 1739 1493 eradicari
1757 1431 1873 1516 posset
1888 1423 1973 1494 levis

572 1543 776 1618 turbationis
794 1543 945 1638 impulsu
964 1568 972 1612 ε
991 1541 1087 1636 qnod
1105 1564 1150 1614 ne
1164 1541 1299 1616 accidat
1319 1552 1379 1616 tua
1397 1543 1500 1617 debet
1516 1554 1635 1640 optare
1651 1543 1791 1617 devotio
1809 1555 1844 1616 et
1860 1557 1973 1620 nostre

570 1667 811 1742 sollicitudinis
829 1667 991 1739 instantia
1012 1687 1212 1762 precavere,
1230 1676 1298 1739 etc.

619 1795 744 1866 Datum
761 1791 934 1881 Laterani,
957 1791 990 1863 X
1006 1790 1170 1863 kalendas
1188 1790 1396 1881 decembris,
1418 1787 1650 1888 [pontificatus
1667 1792 1772 1863 nostri
1792 1813 1884 1864 anno
1899 1789 1973 1889 xt]

619 1915 805 2016 [Scriptum
822 1925 875 1989 est
895 1915 940 1989 de
957 1915 1080 1988 eodem
1099 1925 1304 2008 argumento
1319 1915 1366 1988 ad
1380 1917 1571 1988 Romanum
1594 1917 1630 1988 S.
1652 1915 1774 2009 Angeli
1792 1916 1974 1990 diaconum

572 2042 802 2131 cardinalem
821 2061 913 2134 quae
928 2039 1059 2112 litterae
1071 2047 1191 2112 extant
1207 2039 1242 2110 in
1260 2039 1382 2112 eodem
1401 2051 1547 2134 regesto,
1567 2039 1634 2112 sub
1649 2045 1686 2110 n⁰
1704 2035 1806 2136 stu]

800 2354 1763 2370 mun-‚m

369 2657 538 2756 2323?th
624 2656 858 2762 Friderious,
878 2656 1137 2740 Romanorum
1159 2656 1378 2765 imperator,
1402 2655 1512 2738 Petro
1537 2655 1586 2737 de
1611 2653 1735 2736 Ebulo
1760 2651 1919 2734 mandat
1935 2661 1979 2734 ut

570 2791 736 2901 capitula
753 2791 850 2872 inter
868 2815 908 2872 se
924 2799 961 2872 et
977 2789 1205 2899 magistrum
1223 2789 1428 2899 Hospitalis
1446 2787 1591 2898 (Sancti
1609 2783 1807 2896 lobannis)
1821 2787 1861 2867 in
1874 2787 1979 2868 Jeru-

573 2927 692 3010 salem
722 2951 790 3034 per
822 2949 1018 3006 summum
1043 2921 1263 3006 Pontificem
1294 2923 1469 3006 ordinatu
1496 2930 1718 3030 exequatur,
1736 2929 1774 3002 el
1796 2919 1979 3030 quioquid

571 3062 688 3144 frater
707 3057 901 3142 Cubaldus
925 3057 1120 3141 Rodiauus
1138 3057 1292 3139 nomine
1309 3055 1399 3138 dicti
1417 3055 1589 3166 magistri
1611 3053 1818 3166 rogaverit,
1837 3053 1978 3136 obser-

573 3205 634 3278 vet
649 3203 687 3276 et
705 3191 753 3274 eb
771 3191 951 3275 omnibus
969 3189 1194 3272 officialibus
1211 3188 1338 3271 curiae
1356 3189 1470 3272 faciat
1494 3187 1701 3272 observari.

652 3405 791 3482 (Edldor.
807 3405 923 3478 Lumo,
939 3402 1006 3466 Cod
1021 3402 1089 3466 Ital
1103 3399 1269 3484 diplomat,
1283 3409 1308 3466 t.
1322 3405 1367 3480 ΙΙ,
1382 3421 1414 3482 p.
1433 3413 1518 3466 1660.
1534 3436 1575 3450 -
1591 3403 1750 3477 Manum,
1771 3401 1834 3462 tltte
1846 3397 1891 3460 δι’
1904 3417 1981 3482 part

694 3513 814 3574 mactet
825 3509 901 3574 detta
914 3512 949 3574 S.
964 3509 1059 3592 ucttq.
1075 3507 1222 3588 uomet,
1241 3529 1274 3590 p.
1296 3521 1352 3572 1⁵0
1375 3518 1405 3572 et
1428 3520 1501 3584 1593
1515 3513 1570 3589 qul
1582 3510 1702 3589 quldam
1715 3510 1848 3572 ltalluum
1860 3523 1982 3586 quoque

690 3622 855 3683 versionem
876 3618 1038 3699 exhtbens,
1062 3621 1167 3681 osserlt
1187 3619 1329 3698 origlnale
1346 3619 1496 3696 quondam
1517 3617 1607 3680 lulsse
1628 3619 1705 3678 luter
1724 3617 1884 3694 sculpturas
1903 3615 1978 3692 Reg.

692 3729 799 3790 Jounn.
814 3728 865 3790 Fr.
880 3723 1051 3805 d'Aponte.)

620 3911 783 3987 Foderico
806 3913 835 3982 ll
857 3911 1091 4006 imperadors,
1111 3923 1195 4000 eto,
1214 3911 1327 3983 Pietro
1344 3919 1444 3982 conte
1462 3909 1595 3982 d’llvoli
1611 3906 1663 4005 (l)
1681 3916 1796 3982 nostro
1816 3907 1907 3980 ledel
1924 3906 1980 3980 di·

573 4039 668 4112 letto.
687 4037 757 4109 Con
774 4036 807 4108 le
822 4035 972 4129 presenti
989 4035 1107 4108 lettere
1125 4035 1191 4107 alla
1217 4033 1344 4108 ledeltu
1361 4044 1421 4108 tun
1440 4035 1574 4107 volemo
1592 4033 1657 4107 obe
1674 4033 1727 4107 sia
1743 4041 1825 4105 uoto
1843 4053 1939 4105 come
1956 4031 1981 4100 il

574 4161 769 4235 santissimo
786 4157 824 4230 in
840 4155 972 4230 Christo
988 4157 1096 4252 padre
1112 4179 1134 4230 e
1151 4157 1289 4252 signore
1304 4157 1328 4228 il
1343 4178 1477 4230 sumum
1490 4155 1662 4231 Pontefioe
1679 4177 1740 4252 per
1756 4155 1791 4229 la
1808 4155 1981 4250 ricupera·

612 4463 648 4540 lt)
666 4467 807 4538 Nusquam
826 4468 915 4520 umen
934 4464 1016 4521 istum
1037 4464 1114 4522 titulo
1134 4464 1240 4522 comitis
1257 4470 1416 4523 exornatum
1433 4463 1598 4535 invenimus,
1611 4479 1673 4520 cum
1688 4463 1740 4520 hoo
1749 4475 1820 4518 anuo
1832 4465 1861 4517 et
1872 4473 1981 4533 praeue-

575 4564 655 4620 dante
668 4562 740 4635 apud
751 4561 910 4618 lticcsrtlum
923 4561 956 4619 de
970 4563 1068 4620 Sancto
1088 4561 1223 4620 Germano
1238 4561 1396 4637 simpliciter
1406 4561 1557 4637 appelletur
1568 4563 1662 4620 Petrus
1672 4558 1799 4617 dominus
1810 4556 1903 4616 souti.
1917 4555 1982 4615 Vide

575 4660 643 4718 inlra
656 4677 685 4734 p.
700 4661 763 4717 697.
