4326 5910
349 1171 425 1268 “uu
426 1175 491 1225 emto

349 1229 468 1280 euerrrpte
445 1228 523 1288 mpero

352 2109 510 2169 Nomium,

365 2167 414 2208 ιιι
400 2145 510 2222 ιἰςωιι

1076 560 1253 624 uruntur
1279 562 1449 626 surrrnr
1779 565 1858 650 [ses.
1878 567 1965 632 rma

602 1147 688 1256 lpso
702 1170 804 1229 anno
822 1143 1048 1228 Heinricus
1032 1145 1165 1256 Junior
1180 1173 1248 1230 rex
1264 1147 1473 1233 Northusin
1492 1149 1636 1260 curiam
1656 1148 1805 1234 habuit
1827 1151 1897 1235 Ubi
1916 1153 1964 1237 ab

548 1279 769 1390 Engilberto
797 1277 1012 1362 Coloniensi
1040 1279 1322 1392 archiepiscopo
1349 1308 1419 1392 pro
1446 1251 1685 1367 absolutione
1707 1285 1809 1396 regis
1826 1283 1963 1370 Daciae

550 1415 646 1500 mult
630 1423 714 1496 tum
734 1411 951 1496 laboratum
975 1411 1104 1525 fuit(l
1109 1412 1141 1526 ).
1169 1415 1328 1500 Genera.
1351 1415 1483 1500 Concu.
1505 1443 1567 1527 ap.
1589 1415 1790 1524 Rosuuaa,
1809 1426 1957 1518 Foeta,

548 1561 577 1634 t.
600 1549 652 1656 ll,
672 1575 712 1658 p.
734 1549 827 1630 555.

599 2096 801 2201 Henrious,
827 2097 1087 2181 Romanorum
1104 2123 1195 2200 rex,
1217 2096 1400 2180 advocato
1421 2105 1460 2180 et
1484 2095 1740 2207 burgensibus
1757 2097 1806 2181 de
1824 2099 1962 2184 Goslar

545 2231 704 2314 mandat
721 2241 765 2313 ut
781 2255 938 2312 censum
956 2255 1132 2312 arearum
1148 2230 1308 2314 civitatis
1328 2229 1595 2335 Goslariensis‚
1618 2231 1797 2314 acclesiae
1814 2233 1959 2318 Gosla-

544 2362 659 2446 riensi
677 2389 701 2446 e
717 2362 1071 2472 praedecessoribus
1089 2363 1169 2446 suis
1182 2389 1420 2471 concessum,
1437 2363 1600 2474 singulis
1619 2365 1730 2448 annis
1748 2365 1876 2476 colligi
1889 2365 1957 2449 fa-

543 2497 645 2582 ciant
660 2507 698 2580 et
714 2497 892 2581 ecclesiae
908 2497 1143 2608 integraliter
1159 2505 1456 2608 repraesentent.

621 2711 718 2794 (autu.
728 2713 919 2787 tremum,
933 2711 1034 2794 Aetiq.
1049 2710 1162 2790 Pocld„
1179 2713 1306 2792 append.
1320 2714 1376 2790 tv,
1391 2731 1422 2794 p.
1438 2713 1521 2792 189.)

591 2901 772 2976 Heinricus
790 2901 853 2975 Dei
872 2903 982 2998 gretia
999 2902 1232 2976 Romanorum
1249 2925 1335 2996 rex,
1355 2924 1491 3000 semper
1508 2911 1691 2998 augustus,
1710 2897 1845 2976 dilectis
1864 2901 1965 2977 fide--

542 3028 635 3101 libus
658 3028 732 3101 suis
749 3027 918 3102 advocato
934 3037 969 3101 et
989 3028 1162 3101 universis
1182 3026 1417 3122 burgensibus
1435 3027 1471 3100 iu
1494 3025 1614 3102 Goslar
1631 3027 1778 3120 gratiam
1798 3049 1898 3100 suam
1921 3038 1956 3100 et

541 3176 644 3227 omne
670 3154 814 3227 bonum.
841 3153 897 3225 Ex
919 3151 1075 3226 veridice
1101 3151 1265 3226 relatione
1289 3151 1521 3225 intelleximus
1542 3151 1638 3248 quod
1661 3151 1806 3225 ecclesia
1829 3151 1955 3224 Gosla-

542 3251 679 3368 riensis,
689 3279 819 3374 capella
832 3287 960 3371 nostra,
970 3299 1019 3350 ex
1033 3277 1175 3372 antique
1189 3277 1433 3372 imperatorum
1447 3285 1482 3350 et
1496 3299 1620 3372 regum
1636 3275 1953 3371 augustorumdive

541 3405 706 3478 memorie
718 3404 959 3478 constitutione
973 3403 1158 3500 specialem
1174 3400 1221 3475 ad
1237 3403 1420 3498 imperium
1432 3401 1558 3476 hebeat
1572 3411 1779 3499 respectum,
1794 3409 1829 3476 et
1841 3401 1950 3495 quod,

541 3527 663 3601 eadem
679 3529 811 3602 ratione
825 3529 991 3626 inspecta,
1009 3527 1250 3601 serenissimus
1266 3535 1363 3624 pater
1380 3536 1494 3600 noster
1510 3525 1705 3600 Fridericus
1722 3527 1953 3599 Romanorum

541 3653 737 3748 imperator,
758 3675 893 3751 semper
916 3661 1104 3748 augustus,
1125 3652 1237 3748 ipsam
1266 3651 1445 3726 ecclesiam
1469 3651 1506 3724 in
1532 3673 1631 3726 suam
1655 3650 1898 3747 protectionem
1919 3657 1954 3723 et

541 3777 687 3872 gratiam
704 3775 892 3874 recipiens,
914 3778 1003 3850 iuter
1032 3778 1101 3851 alia
1123 3775 1291 3850 beneficia
1309 3775 1342 3849 ei
1364 3776 1526 3874 prestita,
1553 3798 1694 3849 censum
1716 3797 1874 3850 arearum
1899 3775 1953 3846 ci-

541 3903 658 3976 vitatis
676 3901 912 3995 Goslariensis‚
923 3923 1027 3997 quem
1045 3902 1099 3974 sui
1116 3909 1150 3974 et
1167 3902 1274 3974 uostn
1293 3901 1366 3975 divi
1381 3910 1614 3974 antecessores
1630 3903 1859 3974 Romanorum
1880 3899 1953 3972 im-

539 4035 711 4122 peratores
729 4048 771 4099 ac
793 4048 893 4122 reges
913 4025 1053 4121 augusti
1077 4025 1221 4099 ecclesie
1237 4023 1442 4098 Goslariensi
1466 4027 1700 4113 contulerunt,
1719 4035 1753 4098 et
1772 4021 1863 4125 [qui]
1882 4033 1951 4097 tam

539 4150 655 4246 papali
684 4171 791 4246 quam
824 4149 992 4245 imperiali
1021 4149 1138 4222 banno
1169 4147 1285 4223 eidem
1310 4149 1455 4223 ecclesie
1481 4159 1597 4223 nostre
1625 4147 1846 4223 confirmatus
1874 4157 1948 4240 est,

538 4273 832 4370 quemadmodum
852 4273 1102 4348 Northusenses
1128 4281 1163 4348 et
1183 4273 1421 4348 lllolbusenses
1445 4274 1597 4366 solvunt,
1617 4273 1782 4371 deinceps
1800 4273 1949 4370 persolvi

538 4399 714 4474 coustituit
729 4409 765 4474 et
782 4399 857 4474 eine
871 4399 1101 4476 diminutione
1118 4399 1183 4474 hec
1202 4397 1355 4474 districte
1373 4401 1527 4498 precepit
1544 4399 1733 4474 observari.
1753 4401 1823 4474 Nos
1843 4400 1950 4496 igitur
2014 4457 2018 4460 .

572 4712 594 4786 (t
600 4721 609 4785 t
628 4713 667 4770 Da
680 4711 834 4786 captivitate
848 4711 1013 4772 Weldemari
1025 4711 1110 4788 regis,
1125 4711 1180 4772 vid.
1196 4725 1278 4786 supra
1291 4726 1321 4786 p.
1335 4711 1387 4770 att
1401 4715 1429 4768 et
1441 4715 1497 4769 uct.
1513 4711 1541 4766 t.
