4330 5914
166 623 264 684 lsurcr.
284 625 344 703 15.]
616 623 812 684 HISTORIA
835 621 1130 684 oirtotin'iicn.
1519 617 1580 678 695

168 757 260 829 tione
276 758 313 830 di
331 759 433 828 Terra
446 759 550 828 Santa
565 757 612 829 ha
626 757 777 829 stabilito
793 756 908 828 alcuni
926 755 1064 852 capitoli
1079 763 1132 827 tra
1152 755 1186 828 la
1208 751 1354 825 serenita
1379 760 1494 824 nostra
1512 774 1532 822 e
1553 752 1577 822 il

167 889 316 952 maestro
332 878 424 953 della
439 900 519 952 casa
536 880 614 953 dell'
636 879 823 976 hospedale
839 879 877 952 di
891 880 1100 952 Gierusalem
1118 875 1185 974 (l),
1203 876 1298 972 quali
1317 876 1441 947 iurono
1457 875 1577 969 publi-

167 1004 236 1076 cati
263 1026 324 1099 per
345 1006 395 1076 fra
416 1004 571 1077 Cobaldo
599 1004 752 1077 liodiano
770 1002 831 1099 (a).
849 1003 948 1076 Onde
976 1001 1139 1076 confidati
1165 1001 1255 1073 nella
1280 1007 1341 1071 tua
1365 998 1578 1070 industriae

168 1127 357 1221 diligenza,
376 1137 410 1200 te
425 1129 461 1198 in
479 1135 566 1198 tutto
584 1149 605 1199 e
623 1149 685 1222 per
703 1136 790 1199 totto
809 1127 1000 1200 destinamo
1022 1124 1255 1198 commissario
1276 1144 1378 1218 sopra
1399 1123 1432 1194 la
1457 1121 1579 1216 spedi-

168 1251 261 1323 tione
281 1251 326 1324 sd
347 1273 551 1324 osservanza
572 1249 625 1324 de’
648 1249 792 1344 predetti
815 1251 964 1346 capitoli.
984 1251 1048 1324 Per
1072 1253 1106 1323 la
1127 1249 1208 1344 qual
1225 1269 1330 1321 eausa
1354 1247 1421 1320 alla
1439 1255 1498 1318 tna
1517 1246 1579 1321 de-

169 1375 313 1448 vozione
326 1377 659 1467 raecommandamo,
672 1398 733 1472 per
750 1387 880 1470 quanto
896 1398 1013 1448 amore
1026 1377 1114 1472 porti
1131 1376 1198 1447 alla
1213 1395 1359 1468 persona
1375 1379 1503 1462 nostra,
1515 1370 1580 1442 che

169 1522 189 1572 a
208 1511 324 1574 nostro
346 1523 429 1596 peso
446 1511 534 1573 tutte
551 1501 666 1595 quello
684 1501 748 1572 che
766 1501 859 1573 detto
878 1502 928 1573 ira
945 1499 1102 1572 Cubalde
1127 1497 1330 1572 dimandera
1348 1497 1383 1568 in
1402 1515 1504 1566 nome
1522 1495 1579 1568 del
1628 1521 1632 1533 ·

169 1624 324 1719 predetto
348 1636 494 1698 maestro
514 1625 604 1699 della
629 1647 708 1699 oasa
726 1623 803 1698 dell'
827 1625 1036 1719 Hospedale‚
1056 1645 1118 1719 per
1133 1632 1263 1718 quanto
1281 1645 1302 1694 a
1317 1629 1351 1693 tc
1370 1631 1480 1717 spetta
1496 1643 1578 1694 con·

170 1748 295 1844 cedigli
318 1759 352 1822 et
375 1752 618 1823 onninamente
640 1750 827 1842 osservagli
852 1771 873 1822 e
897 1749 978 1842 iagli
1006 1749 1052 1821 da
1075 1746 1304 1842 qualsivoglia
1328 1747 1473 1820 officiale
1490 1747 1579 1819 della

170 1872 403 1962 curia,·tanto
429 1874 550 1946 secreti
578 1882 708 1968 quanto
731 1873 945 1960 vieeseoreti‚
971 1871 1164 1962 castellani,
1185 1879 1269 1961 eto,
1287 1870 1578 1942 inviolabilmcute

170 2017 358 2069 asservare.
377 1997 447 2070 Che
462 2018 500 2069 se
517 1997 562 2070 da
578 2007 612 2069 te
628 2019 650 2070 o
666 1997 741 2068 altri
761 1997 784 2068 il
802 1998 969 2068 contrario
992 1996 1022 2068 si
1048 1997 1194 2082 lacesse,
1221 1994 1252 2066 si
1277 1995 1445 2068 verrcbbe
1460 2001 1579 2067 contro

161 2107 194 2190 li
209 2121 425 2213 trasgressori
442 2120 496 2192 all'
512 2122 707 2194 mentione
723 2121 812 2193 della
831 2142 921 2215 pena
935 2119 1064 2192 debita.

218 2245 305 2317 Data
322 2246 359 2316 in
376 2245 539 2340 Foggiaa
555 2245 664 2318 XXVI
679 2245 715 2320 di
734 2245 921 2318 novembre
938 2244 1146 2318 dccxxvi.

573 2527 728 2598 Latinam
746 2530 985 2600 restitutionem
1003 2527 1174 2598 addimus:

211 2753 377 2816 Fridcricus
399 2755 636 2834 [Romanorum]
657 2759 831 2836 imperator,
855 2765 926 2838 ete,
948 2759 1036 2819 Petro
1054 2759 1154 2818 comiti
1176 2757 1214 2817 ds
1236 2757 1348 2835 libolo,
1368 2757 1475 2817 dilecto
1497 2755 1577 2818 fideli

173 2876 242 2934 suo,
258 2865 314 2921 etc.
334 2861 524 2924 Presentlbus
537 2864 642 2924 litteris
653 2863 786 2924 fidelitati
799 2870 868 2924 tuae
882 2865 1017 2926 volumus
1035 2881 1099 2926 esse
1116 2869 1221 2924 notum
1233 2863 1358 2941 qualiter
1375 2866 1580 2925 sanctissimus

171 2969 203 3025 in
216 2965 332 3027 Christo
343 2973 427 3044 pater
439 2975 469 3028 et
483 2969 621 3030 domiuus
634 2986 768 3032 summus
781 2970 918 3030 Pontifex
930 2988 983 3048 pro
995 2972 1211 3048 recuperatione
1222 2971 1331 3031 Terrae
1344 2969 1467 3030 Sanctae
1484 2986 1578 3048 quae·

173 3071 240 3130 dum
252 3071 400 3134 ordinarit
419 3074 546 3152 capitula
558 3076 634 3135 inter
653 3079 839 3136 serenitatem
859 3083 990 3138 noemam
1008 3083 1037 3137 et
1054 3079 1228 3155 magistrum
1241 3075 1346 3136 domus
1365 3076 1527 3152 Hospitalis
1545 3078 1578 3136 lu

172 3177 372 3258 Hierusaln,
386 3197 463 3257 qnae
480 3197 531 3258 per
550 3180 672 3240 tratrem
695 3181 860 3242 Cubaldom
877 3182 1045 3244 Rodiauum
1061 3183 1181 3244 lucrum
1202 3181 1361 3260 publicata.
1379 3181 1464 3243 Unde
1477 3182 1514 3243 de
1527 3188 1579 3243 tua

172 3283 316 3346 industria
330 3291 361 3346 et
373 3285 525 3364 diligentia
538 3285 651 3362 conlisi,
662 3293 692 3348 te
704 3290 736 3348 ln
750 3289 888 3349 omnibus
900 3295 930 3350 ct
940 3307 993 3368 per
1005 3292 1105 3350 omnia
1116 3290 1325 3352 destinandum
1338 3289 1478 3350 duximus
1492 3306 1580 3366 super

172 3391 369 3467 predictorum
391 3393 585 3470 capitulorum
606 3395 823 3471 expeditionem
845 3403 876 3456 et
894 3397 1116 3457 observantiam.
1138 3397 1323 3474 Quapropter
1342 3395 1493 3456 devotioni
1512 3405 1579 3457 tuae

173 3499 367 3573 mandamus,
390 3501 467 3560 deut
487 3516 617 3561 amorem
641 3501 731 3563 habes
755 3519 824 3580 erga
845 3519 1001 3580 personam
1025 3510 1171 3576 nostram,
1186 3505 1326 3581 quatinus
1347 3502 1581 3564 consideratione

173 3610 274 3666 nosue
285 3603 432 3683 quidquid
446 3607 613 3682 praedictus
626 3606 716 3668 irater
731 3607 880 3670 Cuboldus
891 3611 1011 3669 nomine
1027 3609 1168 3686 praedicti
1187 3610 1321 3688 magistri
1340 3607 1446 3668 domus
1466 3608 1581 3686 Hospi-

172 3710 239 3771 talis
251 3714 414 3790 rogaverit,
430 3715 462 3774 te
475 3721 619 3792 quantum
633 3715 671 3774 ed
684 3721 713 3774 te
727 3721 839 3792 spectat
851 3718 878 3776 ei
890 3715 1033 3777 concedas
1051 3723 1081 3776 et
1099 3717 1218 3776 omuino
1238 3717 1375 3777 observes
1393 3714 1542 3794 iactasque
1562 3731 1582 3776 a

173 3815 303 3892 quolibet
315 3816 433 3878 officiali
446 3821 544 3880 curiae
565 3826 696 3892 nostrae,
717 3827 780 3882 tam
795 3823 915 3883 secretis
928 3839 1019 3900 quam
1032 3824 1232 3897 vieasecreiis,
1246 3822 1429 3896 castellanis,
1445 3827 1516 3894 ete,
1531 3824 1580 3882 in—

173 3922 348 3984 violabiliter
361 3924 520 3986 observari.
533 3925 585 3988 Sin
597 3933 698 3988 eutem
706 3945 760 4006 per
772 3933 802 3988 te
815 3927 861 3989 vel
872 3945 924 4006 per
938 3929 1012 3990 aiios
1023 3929 1107 3990 fleret
1117 3931 1148 3988 in
1162 3931 1358 4004 contrarium,
1369 3933 1471 3990 conus
1482 3933 1579 3989 uam-

174 4043 319 4106 gressores
332 4029 503 4108 hujusmodi
516 4033 554 4093 ad
567 4036 768 4094 executionem
783 4050 892 4110 pomae
905 4034 1022 4096 debitae
1033 4037 1212 4098 veniremus.

212 4133 322 4197 Datum
339 4135 444 4216 Fugio,
456 4137 555 4201 XXVI
566 4139 744 4213 novembris,
761 4139 1066 4217 [anno]biCCX.llV1.
1098 4119 1102 4128 ¹

215 4292 254 4372 (a)
276 4295 345 4357 Sive
357 4293 494 4374 Rodioso,
508 4304 543 4360 ut
555 4304 656 4361 monet
668 4299 799 4362 Marulli.

212 4580 247 4654 ll)
264 4581 372 4644 Scilicet
385 4583 522 4646 Guarinus
533 4587 567 4646 de
579 4589 763 4661 llontemuto,
776 4589 880 4650 Goc'ria
891 4589 923 4646 de
934 4592 1088 4665 Moawipu.
