4330 5914
1056 611 1270 674 nainsnict
1295 611 1466 674 succutit
1782 610 1861 694 [aas.
1883 613 1974 676 1226,

369 1221 524 1322 sm..
613 1197 845 1305 Fridericus‚
865 1199 1122 1283 Romanorum
1146 1200 1366 1308 imperator,
1382 1200 1568 1282 universis
1586 1200 1811 1284 officialibus
1826 1227 1895 1312 per
1911 1227 1972 1286 no-

561 1357 683 1441 gnum
708 1332 857 1416 Siciliae
882 1333 1096 1416 constitutis
1122 1333 1268 1418 inhibet
1287 1359 1336 1417 ne
1358 1334 1632 1416 monasterium
1656 1334 1816 1418 Sanctae
1833 1335 1970 1420 Mariae

561 1464 699 1548 Montis
711 1464 877 1576 Virginis
894 1465 934 1546 in
953 1465 1082 1548 liberis
1099 1465 1308 1576 plateaticis
1321 1476 1359 1549 et
1375 1466 1527 1576 pascuis
1544 1493 1615 1575 pro
1627 1467 1807 1552 omnibus
1825 1468 1970 1552 anima-

560 1595 662 1678 libus
679 1595 980 1680 obedientiarum
996 1597 1094 1708 ejus,
1114 1609 1247 1683 contra
1264 1609 1434 1682 tenorem
1449 1599 1735 1709 privilegiorum
1749 1625 1773 1682 a
1791 1625 1831 1684 se
1848 1601 1970 1684 eidam

561 1731 791 1814 monasterio
805 1730 1058 1837 indultorum,
1073 1735 1113 1812 in
1131 1731 1260 1840 aliquo
1278 1731 1480 1816 molestare
1497 1733 1676 1816 audeant.

647 1968 772 2047 (incdit.
787 1987 831 2033 ex·
844 1971 957 2034 archiv.
972 1979 1100 2034 monast.
1114 1973 1211 2034 licut.
1230 1972 1330 2051 virg,
1350 1973 1457 2050 origin.
1478 1974 1511 2032 in
1532 1987 1677 2051 pergam„
1692 1971 1752 2032 voi.
1767 1971 1858 2044 vm,
1872 1980 1906 2032 n·
1920 1978 1969 2032 tit.

683 2081 914 2154 nunsumptum
935 2080 1096 2152 insanitur,
1121 2079 1173 2140 sed
1193 2081 1292 2140 minua
1313 2085 1457 2152 corneae,
1478 2079 1511 2138 in
1533 2078 1662 2155 quodam
1683 2079 1879 2140 msbnmmto
1901 2093 1968 2138 ann.

686 2194 763 2246 ttae
780 2183 895 2263 (tato),
911 2201 1011 2246 mensa
1020 2188 1169 2264 januario,
1184 2185 1257 2246 liiii
1273 2185 1461 2264 indict.‚quo
1474 2184 1624 2246 Jobannas
1637 2183 1674 2244 de
1686 2182 1972 2256 &abomasal-

684 2290 738 2348 iini
748 2289 857 2366 judex,
872 2289 911 2350 ad
924 2293 1144 2368 requisitionem
1155 2291 1298 2352 lobannis
1311 2290 1426 2352 abbatis
1439 2291 1550 2352 Montis
1564 2289 1695 2369 Virginis
1706 2289 1786 2350 idern
1798 2289 1972 2350 mandatum

684 2395 776 2472 redigi
786 2395 873 2472 jubet
885 2397 917 2455 in
930 2398 1106 2472 scriptuarum
1119 2397 1268 2474 publicam
1277 2414 1329 2474 per
1339 2395 1505 2476 suanum,
1513 2395 1665 2475 pubiicum
1673 2396 1972 2458 Aveilintnotarinm.

684 2500 798 2576 Origin.
813 2499 899 2576 ibin,
914 2511 949 2562 n·
960 2504 1022 2578 it.)

614 2711 813 2786 Fredericus
828 2713 891 2786 Dei
909 2713 1018 2808 gratia
1034 2714 1266 2786 Romanorum
1292 2714 1487 2810 imperator,
1507 2735 1643 2809 semper
1664 2721 1853 2808 angustus,
1872 2713 1975 2786 Jeru-

567 2839 673 2910 salem
689 2845 724 2910 et
741 2837 856 2910 Sicilie
872 2859 954 2928 rex,
972 2838 1171 2929 comitibus,
1191 2837 1396 2930 baronibus,
1413 2837 1621 2930 justitiariis,
1643 2835 1855 2928 camerariis,
1876 2836 1975 2908 mili-

566 2963 678 3052 tibus,
703 2962 845 3054 bajulis,
873 2961 1088 3033 curatoribus
1115 2969 1151 3034 et
1180 2961 1352 3034 universis
1377 2983 1438 3056 per
1459 2983 1606 3056 regnum
1638 2961 1753 3034 Sicilie
1783 2960 1976 3034 constitutis

566 3087 696 3181 quibus
713 3094 885 3180 presentes
915 3084 1031 3157 lictarc
1053 3091 1189 3156 ostense
1214 3085 1342 3156 inerint
1365 3092 1435 3156 tam
1458 3085 1674 3180 presentibus
1696 3105 1803 3178 quam
1832 3083 1972 3176 tuturis,

567 3210 727 3284 fidelibus
754 3209 846 3298 suis,
875 3207 1020 3300 gratiam
1044 3227 1143 3278 suam
1168 3215 1203 3280 at
1233 3207 1360 3281 bonam
1381 3209 1606 3282 voluntatem.
1626 3207 1738 3283 Grave
1763 3207 1916 3302 gerimus
1940 3215 1976 3280 et

566 3335 747 3408 molestum
776 3329 872 3426 quod
899 3352 979 3404 cum
1006 3331 1195 3406 venerabili
1229 3333 1436 3406 monasterio
1465 3335 1590 3406 Sancte
1616 3333 1723 3406 Maris
1745 3332 1868 3406 liontis
1892 3331 1976 3404 vir

567 3456 659 3552 ginis
681 3455 788 3527 libera
813 3455 994 3550 plateatica
1019 3465 1054 3528 et
1076 3477 1206 3551 pascua
1222 3478 1285 3552 pro
1303 3457 1463 3528 omnibns
1487 3455 1696 3530 animalibus
1713 3455 1785 3529 suis
1803 3454 1977 3529 obedian-

567 3581 716 3665 ciarnm,
736 3581 904 3670 iocorum,
924 3587 1119 3675 pastorum,
1137 3579 1316 3653 bominum
1332 3588 1367 3651 et
1378 3579 1606 3654 vassallorum
1619 3600 1761 3653 suorum
1775 3579 1844 3652 sint
1858 3600 1879 3653 a
1893 3578 1977 3652 divo

566 3711 714 3798 angusto
732 3712 826 3798 patre
841 3711 958 3776 nostro
981 3712 1017 3775 et
1040 3725 1061 3776 a
1085 3702 1185 3775 nobis
1201 3703 1259 3798 pia
1281 3703 1484 3777 iiberalitate
1500 3725 1682 3796 concessa,
1699 3704 1788 3776 sicut
1805 3703 1842 3774 in
1864 3701 1978 3798 privi-

566 3829 665 3922 legiis
689 3826 819 3900 exinde
840 3849 862 3900 a
887 3835 1004 3900 nostra
1026 3829 1202 3921 majestate
1224 3827 1368 3900 indultis
1383 3828 1520 3922 plenius
1538 3827 1749 3919 continetur,
1773 3847 1836 3899 vos
1859 3835 1977 3900 conta

566 3963 718 4027 tenorem
736 3953 888 4048 ipsorum
911 3951 1170 4048 privilegiorum
1188 3960 1223 4024 et
1236 3952 1473 4025 concessiones
1491 3961 1642 4044 nostras,
1663 3951 1753 4023 sicut
1769 3949 1978 4024 venerabilis

564 4077 699 4152 abbatis
724 4085 759 4150 at
786 4085 976 4149 conventus
992 4075 1148 4166 ejusdam
1169 4075 1365 4148 monasterii
1387 4075 1542 4154 fidelium
1559 4084 1753 4149 nostrorum
1772 4073 1872 4148 nobis
1886 4093 1979 4168 qua-

564 4201 709 4275 rimonia
725 4201 901 4297 patefecit,
920 4201 1040 4272 tratres
1064 4207 1098 4273 et
1117 4209 1354 4296 procuratores
1379 4199 1464 4273 dicti
1488 4199 1686 4275 monasterii
1701 4197 1978 4272 obedientiarum

565 4337 601 4401 et
616 4329 767 4399 iocorum
784 4344 944 4415 suorum,
964 4333 1133 4420 pastores,
1150 4323 1307 4396 homines
1332 4333 1367 4397 et
1389 4323 1556 4397 vassalos
1582 4345 1664 4398 suos
1688 4323 1806 4420 sepius
1829 4321 1867 4394 in
1892 4341 1979 4415 pre-

567 4451 669 4524 dictis
686 4447 929 4522 contumaciter
951 4449 1150 4522 maiestatis.
1165 4447 1268 4534 Quod
1293 4448 1433 4544 ntique,
1457 4448 1488 4521 si
1509 4469 1632 4522 verum
1655 4455 1724 4539 ast,
1750 4454 1844 4520 tanto
1870 4465 1978 4539 grave

567 4575 709 4647 terimus
726 4585 760 4645 et
776 4572 959 4668 indignum
975 4581 1106 4668 quanto
1128 4581 1247 4646 contm
1261 4573 1442 4669 privilegia
1460 4585 1495 4648 et
1513 4573 1749 4646 eoncessiones
1763 4577 1897 4644 nostras
1910 4589 1979 4641 ve-

566 4699 640 4770 nire
658 4707 784 4770 temere
799 4695 1019 4792 attemptatis.
1039 4697 1154 4781 Quare
1170 4694 1325 4770 fidelitati
1341 4705 1455 4772 vestre
1470 4695 1677 4772 mandamns
1698 4694 1839 4768 tirmiter
1856 4689 1977 4789 preci-
