4330 5914
524 507 586 569 (il-l
1029 511 1241 574 Fatebatur
1266 513 1440 576 saeuum
1751 512 1831 598 [Anu.
1851 517 1939 579 12211

524 645 760 722 ducentesimo
794 647 960 722 vicesimo
1004 658 1124 738 sexto,
1162 671 1281 726 menae
1317 649 1478 746 augusti,
1521 619 1780 744 mandarius
1819 652 1942 727 indic-

524 769 641 842 tionis.

318 1245 498 1352 mmm,
576 1238 811 1347 Fridericus,
830 1241 1091 1326 Romanorum
1104 1242 1327 1353 imperator,
1349 1244 1543 1328 Tancmdo
1556 1243 1741 1328 Vescoute
1757 1245 1807 1328 de
1824 1244 1939 1328 uam-

356 1360 460 1408 ⁸¹¹⁸¹¹'‘⁰'
523 1371 615 1482 pilio
633 1381 800 1458 castrum
818 1375 866 1458 de
884 1374 1046 1486 Fighina
1058 1387 1096 1460 et
1109 1376 1295 1462 Balneum
1312 1377 1369 1460 illi
1386 1377 1639 1462 haereditario
1653 1377 1741 1488 jure
1758 1377 1938 1462 devoluta

520 1503 608 1616 jure
624 1505 725 1592 feodi
743 1507 956 1592 confirmat.

604 1719 723 1800 (lnedlt.
733 1740 783 1802 ap.
792 1725 874 1786 arch.
887 1742 997 1788 comm.
1011 1724 1127 1802 Sanan,
1143 1742 1181 1788 ex
1194 1727 1279 1804 copta
1294 1725 1496 1786 authenticam
1508 1741 1577 1786 ann.
1596 1735 1685 1799 atat,
1699 1727 1844 1788 aarum
1858 1724 1934 1786 della

644 1825 794 1906 sabana,
808 1840 842 1891 ιιο
857 1833 1156 1909 re.1unetamports
1174 1831 1295 1892 extabat
1311 1831 1455 1910 ortgtnale
1467 1848 1537 1892 cum
1555 1832 1650 1911 aigttlo
1663 1849 1748 1894 aereo
1760 1833 1820 1894 fflts
1834 1834 1935 1894 sericis

640 1939 740 2000 rubels
754 1943 784 1998 et
797 1939 905 1998 croeds
922 1939 1074 2016 appenso.)

568 2124 770 2197 Fredericns
792 2125 853 2196 Dei
873 2125 982 2216 gratia
999 2125 1230 2196 Romanorum
1249 2123 1447 2220 imperator,
1467 2145 1605 2220 semper
1623 2134 1814 2216 augustus,
1835 2127 1932 2198 Jeru-

520 2250 627 2322 salem
645 2257 680 2320 et
697 2249 812 2320 Sicilie
830 2270 905 2320 rex.
927 2249 990 2320 Per
1011 2270 1154 2344 presens
1172 2249 1338 2344 scriptum
1352 2259 1472 2320 notum
1492 2247 1565 2322 fieri
1583 2249 1746 2320 volumus
1761 2249 1932 2322 universis

520 2372 657 2468 imperii
674 2371 837 2446 fidelibus
853 2381 924 2444 tam
938 2372 1155 2468 presentibus
1170 2395 1276 2467 qnam
1298 2373 1424 2446 futuris
1437 2373 1533 2467 qnod
1551 2371 1750 2446 Tancredns
1765 2375 1933 2446 Veaoonte

523 2495 568 2569 de
589 2495 754 2590 Campilio
772 2494 885 2570 fidelis
907 2505 1035 2589 noster,
1052 2496 1099 2570 ad
1116 2498 1323 2592 presentiam
1342 2505 1495 2570 nostram
1517 2494 1710 2587 accedens,
1735 2495 1931 2570 celsitudini

521 2628 636 2694 nostre
660 2619 835 2693 humiliter
861 2620 1070 2717 supplicavit
1093 2630 1266 2714 quatenns
1289 2630 1439 2694 castrum
1467 2619 1512 2693 de
1536 2617 1682 2715 Figbina
1706 2629 1742 2693 at
1765 2620 1930 2693 Balneum

520 2765 599 2816 cnm
621 2744 783 2817 omnibus
806 2745 1020 2841 pertinentiis
1041 2744 1115 2818 snis
1138 2746 1184 2818 ab
1203 2747 1278 2840 ejus
1301 2745 1578 2842 progenitoribus
1594 2745 1641 2818 ad
1663 2765 1746 2817 anm
1762 2745 1843 2836 jure
1861 2743 1929 2818 be-

521 2869 685 2942 reditario
702 2869 878 2962 devoluta,
899 2869 990 2942 sicut
1005 2869 1112 2944 iidem
1127 2871 1362 2966 progenitores
1378 2869 1434 2944 sni
1452 2869 1498 2943 de
1514 2869 1736 2942 concessione
1750 2869 1931 2965 predeces-

521 3014 637 3066 sorum
658 3003 852 3067 nostrornm
870 3003 904 3066 et
921 2993 1137 3088 imperatoris
1154 2995 1325 3066 Frederiei
1345 2994 1403 3068 avi
1420 2994 1526 3067 nostri
1547 3014 1698 3066 necnon
1718 2993 1930 3088 temporibus

521 3118 629 3214 patris
644 3119 750 3191 nostri
765 3117 981 3212 imperatoris
995 3118 1148 3210 chrici,
1158 3117 1242 3191 dive
1254 3118 1501 3192 recordationis
1513 3127 1753 3211 angustorum,
1766 3117 1884 3211 quiete
1896 3127 1930 3190 et

521 3242 769 3314 rationabiliter
795 3241 1032 3336 possiderunt,
1062 3251 1097 3314 et
1121 3242 1214 3316 idern
1240 3242 1437 3316 Tancredus
1466 3265 1578 3338 usqne
1609 3243 1657 3316 ad
1685 3243 1751 3315 bac
1777 3251 1928 3337 tempora

523 3376 639 3438 nostra
655 3367 734 3459 jure
756 3367 967 3439 successorio
988 3367 1139 3439 noscitur
1156 3368 1348 3462 possidere,
1367 3369 1435 3441 sibi
1453 3378 1488 3442 et
1504 3367 1691 3441 heredibus
1712 3366 1787 3440 suis
1807 3363 1928 3438 confir·

523 3510 619 3562 mare
642 3490 722 3582 jura
747 3490 838 3563 leodi
864 3490 910 3564 da
935 3491 1053 3566 innata
1083 3493 1194 3586 gratia
1224 3493 1461 3586 dignaremur.
1491 3493 1560 3565 Nos
1586 3492 1692 3586 igitur
1716 3489 1929 3564 attendentes

524 3635 630 3708 quam
647 3612 794 3688 fideliter
807 3623 842 3688 et
859 3615 983 3690 devote
999 3616 1258 3712 predecessores
1274 3617 1330 3690 sni
1346 3617 1472 3690 nostris
1485 3615 1785 3712 predecessoribus
1803 3613 1928 3688 servie-

524 3738 612 3830 rint,
636 3737 893 3812 considerantes
912 3761 1052 3836 qnoque
1073 3751 1169 3836 grata
1184 3751 1219 3814 et
1242 3749 1383 3836 accepta
1404 3740 1545 3813 servitia
1565 3761 1635 3834 qne
1650 3739 1827 3835 predictus
1843 3739 1930 3810 'lan-

524 3863 648 3936 credns
665 3863 808 3936 culmini
824 3875 940 3936 nostro
956 3865 1117 3938 exhibuit
1130 3875 1165 3939 at
1177 3865 1319 3940 exbibet
1336 3865 1543 3938 incessanter
1555 3886 1597 3938 ac
1609 3865 1646 3936 in
1662 3873 1763 3936 antea
1776 3871 1846 3936 tam
1858 3862 1931 3956 ipse

524 4009 630 4083 qnam
641 3987 788 4062 heredes
805 3987 860 4060 sui
874 3989 1023 4082 gratiora
1038 3998 1199 4083 poterunt
1210 3991 1390 4082 exhibere,
1406 3987 1675 4084 supplicationes
1688 4009 1770 4060 suas
1782 3985 1931 4079 benigno

525 4121 774 4210 prosequentes
800 4134 961 4206 assensu,
985 4112 1179 4208 predictum
1200 4123 1350 4188 castrum
1375 4114 1421 4188 de
1442 4112 1587 4208 Fighina
1608 4121 1644 4185 et
1667 4112 1833 4184 Balneum
1853 4129 1932 4181 cum

527 4237 691 4310 omnibus
715 4236 929 4332 pertinentiis
954 4236 1044 4328 suis,
1063 4237 1358 4332 quamadmodum
1384 4237 1431 4311 ad
1451 4237 1615 4312 eumdem
1631 4234 1847 4308 Tancredum
1857 4235 1934 4326 jure

526 4358 733 4434 hereditario
753 4361 917 4435 devoluta
935 4361 1074 4436 luerunt
1086 4370 1121 4434 et
1137 4363 1397 4458 predecessores
1410 4361 1465 4434 sni
1475 4363 1569 4455 juste
1580 4369 1615 4434 et
1630 4357 1773 4456 pacifice
1787 4358 1832 4430 da
1850 4377 1935 4428 con-

527 4483 683 4556 cessione
701 4485 792 4556 clare
811 4486 975 4558 memorie
993 4485 1275 4583 predecessorum
1296 4497 1492 4560 nostrornm
1508 4485 1752 4582 imperatorum
1772 4491 1807 4556 et
1827 4482 1934 4576 impe-

527 4605 648 4680 ratoris
669 4606 832 4682 Friderici
856 4609 913 4683 avi
935 4611 1043 4684 nostri
1062 4632 1127 4684 nec
1143 4632 1213 4683 non
1229 4611 1439 4708 temporibus
1457 4609 1565 4706 patris
1588 4607 1695 4681 nostri
1721 4604 1934 4703 imperatoris
