4324 5912
692 589 946 652 nocturnus
972 588 1128 651 saltata.
1556 589 1619 652 949

201 732 323 804 trium.
347 730 519 804 Volumus
544 737 579 802 et
603 725 826 802 concedimus
845 724 978 800 eisdem
999 725 1163 798 iratribus
1187 747 1250 822 pro
1275 747 1344 798 usu
1369 747 1489 800 eorum
1513 727 1621 802 libere

201 856 417 954 piscbcram‚
435 855 602 928 mineram
627 852 708 926 ferri
735 860 770 926 et
793 852 901 926 salem
927 850 1068 926 habers.
1091 849 1320 924 Concedinrus
1342 852 1484 948 insuper
1498 861 1539 924 nt
1556 852 1622 926 ho-

201 984 315 1056 minos
331 981 393 1076 qui
416 981 604 1054 confratres
631 977 760 1052 luerint
785 975 991 1052 monasterio
1018 974 1218 1073 supradicto
1241 985 1277 1050 et
1303 977 1475 1052 debonis
1500 998 1622 1052 eorum

201 1105 451 1204 professionem
468 1112 503 1178 et
517 1101 737 1177 donationem
754 1101 898 1176 iecerint
922 1099 1038 1176 eidem
1062 1103 1284 1193 monasterio,
1308 1124 1387 1176 cum
1413 1102 1621 1178 animalibus

202 1243 238 1305 et
253 1231 488 1305 boniseornm
506 1228 669 1302 omnibus
691 1248 827 1323 semper
849 1235 884 1300 et
901 1227 1032 1322 ubique
1047 1227 1223 1322 gaudeant
1244 1227 1400 1301 libertate
1424 1236 1460 1302 et
1482 1228 1551 1302 sint
1575 1229 1621 1302 ab

202 1355 367 1428 omnibus
380 1353 622 1428 exactionibus
642 1360 677 1425 ct
698 1351 865 1446 collectis,
883 1351 1023 1424 servitio
1045 1351 1241 1448 temporali,
1261 1352 1412 1448 angariis
1434 1363 1469 1426 et
1492 1375 1622 1450 peran-

203 1481 328 1576 gariis,
346 1481 443 1554 libari
465 1487 498 1552 et
521 1478 688 1574 exempti.
708 1477 936 1552 Concedimus
960 1478 1064 1552 etiam
1082 1487 1121 1550 ut
1141 1477 1302 1552 custodes
1317 1478 1518 1552 animalium
1537 1479 1622 1553 dicti

205 1606 422 1698 monasterii,
447 1604 533 1679 dom
557 1603 684 1676 luerint
707 1603 744 1674 in
770 1602 846 1700 ipsa
867 1603 1025 1677 custodia
1042 1603 1205 1678 animalia
1229 1626 1349 1678 eorum
1374 1603 1515 1678 insimul
1541 1626 1622 1678 oum

203 1731 412 1803 animalibus
428 1727 583 1824 ejusdem
608 1726 826 1818 monasterii,
849 1727 955 1800 libere
971 1736 1108 1801 sumant
1127 1749 1257 1824 pascua
1275 1729 1311 1800 in
1328 1728 1490 1802 omnibus
1516 1729 1619 1820 locis,

204 1857 295 1928 sieut
312 1854 474 1929 animalia
488 1853 685 1927 monasterii
707 1851 909 1950 supradicti.
926 1851 1155 1926 Concedimus
1173 1853 1315 1948 insuper
1331 1853 1492 1928 omnibus
1518 1875 1622 1948 gran·

204 1981 268 2054 ciis
281 1991 317 2054 et
328 1979 542 2077 pertinentiis
563 1979 674 2076 ipsius
689 1977 890 2052 monasterii
907 1976 953 2051 de
969 1977 1130 2050 omnibus
1148 1979 1246 2052 terris
1269 1988 1304 2052 et
1322 1977 1407 2052 locis
1428 2000 1470 2052 ao
1485 1979 1623 2053 territo·

204 2107 266 2178 riis
284 2115 319 2179 et
336 2106 530 2179 tenimentis
551 2103 651 2199 regui
678 2103 786 2178 nostri
815 2102 924 2176 libere
945 2124 1083 2176 samem
1105 2111 1139 2176 at
1159 2102 1288 2176 habere
1311 2103 1405 2198 ligna
1421 2125 1484 2200 pro
1501 2127 1567 2178 usu
1587 2114 1622 2177 at

205 2231 410 2304 necessariis
435 2251 567 2304 earum.
593 2227 822 2303 Concedimus
851 2229 993 2324 insuper
1015 2227 1148 2302 eisdem
1170 2227 1350 2322 iratribus,
1371 2229 1569 2304 homiuibus
1588 2239 1623 2304 et

206 2357 365 2430 vassallis
393 2377 513 2429 eorum
540 2355 667 2429 babere
693 2337 995 2446 hancum'jusriria
1019 2353 1057 2426 in
1077 2353 1238 2426 omnibus
1263 2353 1363 2427 terris
1388 2363 1422 2428 at
1443 2355 1528 2429 locis
1552 2365 1622 2429 tarn

205 2482 312 2556 nostri
329 2481 481 2554 demanii
499 2503 605 2576 quam
620 2479 697 2554 aliis
715 2479 928 2575 ubicumque
951 2477 1136 2552 habuerint
1153 2479 1351 2552 incolatum.
1371 2481 1539 2554 Volumus
1555 2503 1623 2555 au·

206 2619 276 2682 tem
293 2617 333 2680 ut
352 2607 447 2680 nulla
468 2606 700 2680 ecclesiastica
723 2606 781 2678 uel
802 2585 969 2679 secularis
986 2625 1144 2700 persona,
1163 2605 1281 2678 nullus
1298 2606 1463 2678 comitum
1482 2608 1539 2680 val
1561 2607 1625 2683 ba·

206 2753 348 2824 ronum,
367 2733 485 2805 nullus
504 2730 774 2824 josticiariorum
790 2731 848 2804 rel
871 2729 1067 2822 bajulorum
1084 2737 1279 2802 nostrorum
1302 2729 1459 2804 homines
1479 2733 1624 2826 predicti

206 2857 404 2932 monasterii
419 2866 480 2930 aut
499 2856 647 2953 pariclas
664 2876 784 2930 eorum
800 2856 847 2932 ad
871 2854 1048 2950 angariam
1072 2863 1106 2928 et
1122 2853 1362 2950 parangariam
1377 2857 1435 2930 vel
1462 2877 1522 2930 eos
1547 2879 1624 2931 ser-

206 2983 332 3056 vitium
358 2981 499 3078 aliquod
516 2983 629 3056 lacera
650 2982 704 3056 vel
720 2980 888 3056 exhibere
908 2979 1105 3078 compellat,
1130 3001 1245 3074 neque
1269 3001 1330 3054 eos
1351 2981 1480 3054 nitatur
1506 2982 1624 3077 aliqua

209 3107 426 3212 intestatione
445 3108 502 3182 vel
522 3106 705 3182 exactione
720 3127 882 3202 gavera,
900 3105 964 3180 sed
985 3105 1055 3178 sint
1080 3105 1126 3180 ab
1151 3105 1246 3178 omni
1271 3104 1419 3178 servicio
1443 3106 1622 3202 temporali

208 3242 244 3305 et
262 3233 418 3307 molestia
435 3234 533 3308 liberi
551 3243 586 3308 et
599 3234 726 3308 securi.
742 3235 812 3330 lpsi
831 3231 935 3307 etiam
957 3230 1165 3306 monastario
1182 3251 1230 3304 cx
1245 3229 1447 3304 liberalitate
1464 3231 1625 3323 majesta·

209 3358 254 3432 tis
269 3367 384 3432 nostre
401 3358 646 3434 confirmamus
669 3360 705 3438 in
732 3367 939 3456 perpetuum
966 3357 1216 3454 suprascriptas
1244 3377 1365 3430 omnes
1389 3355 1622 3450 obedientias,

208 3483 372 3580 grangias
388 3493 423 3560 ot
444 3485 677 3582 possessiones
699 3493 734 3560 et
749 3506 889 3580 queque
903 3483 973 3558 alia
988 3482 1175 3556 tenimenta
1188 3481 1366 3578 quoidam
1379 3481 1625 3556 monasterinm

209 3610 392 3705 largitione
417 3632 539 3708 regum
563 3621 599 3684 et
625 3610 822 3708 principum
849 3620 885 3684 et
911 3609 1059 3684 aliorum
1083 3609 1255 3684 oblatione
1283 3607 1439 3684 fidelium
1467 3613 1561 3706 justa
1590 3619 1626 3684 et

210 3736 459 3810 rationabiliter
477 3745 570 3810 tenet
585 3745 620 3810 et
633 3734 803 3832 possidet,
823 3744 927 3832 prout
942 3735 979 3809 in
995 3735 1149 3831 ipsorum
1166 3734 1358 3830 privilegiis
1373 3743 1408 3810 et
1421 3735 1626 3810 instrumen-

209 3859 255 3932 tis
271 3861 486 3954 dignoscitur
509 3871 543 3935 et
567 3861 723 3934 vidimus
743 3861 910 3934 contineri
935 3869 970 3934 et
986 3881 1028 3934 aa
1046 3860 1162 3933 omnia
1180 3859 1391 3955 temporibus
1412 3862 1505 3955 ragis
1528 3861 1627 3934 Guil-

209 3985 305 4060 lelmi
328 3987 575 4061 rationabiliter
586 3995 622 4060 et
634 3985 778 4084 pacifice
794 3985 1008 4082 dignoscitur
1022 3985 1189 4070 tenuisse,
1209 3993 1244 4058 at
1261 4005 1330 4080 que
1343 3983 1447 4058 etiam
1472 3985 1508 4055 in
1533 3986 1626 4058 lutu-

210 4134 289 4186 rum
310 4113 405 4204 justo
427 4113 526 4186 titulo
549 4112 673 4208 poterit
688 4111 848 4208 adipisci.
872 4111 915 4184 Et
932 4111 1011 4184 licet
1034 4111 1071 4184 in
1096 4107 1173 4183 aliis
1191 4109 1382 4206 privilegiis
1402 4109 1500 4204 regni
1518 4109 1626 4182 nostri

210 4238 367 4312 clausula
382 4237 442 4312 illa
462 4237 593 4312 scilicet
613 4237 659 4312 de
683 4238 780 4312 salvo
803 4235 968 4311 mandato
993 4246 1028 4310 et
1052 4243 1165 4311 cetera
1193 4235 1397 4329 generalitor
1416 4241 1625 4330 apponatur,

211 4361 249 4434 in
265 4361 331 4436 isto
350 4371 465 4436 tamen
483 4363 666 4460 privilegio
693 4361 739 4436 ds
761 4371 875 4438 nostra
898 4361 1038 4458 speciali
1060 4361 1171 4458 gratia
1190 4359 1358 4454 jussimus
1384 4379 1454 4432 non
1481 4358 1623 4456 apponi.

211 4485 269 4561 Ad
286 4488 390 4580 hujus
409 4498 525 4563 autem
543 4497 658 4563 nostre
675 4487 917 4581 restitutionis,
938 4486 1135 4561 donationis
1154 4493 1189 4559 at
1211 4483 1478 4558 confirmationis
1494 4505 1626 4558 memo·

212 4612 300 4686 mam
318 4623 354 4687 et
369 4614 477 4688 robur
491 4623 658 4712 perpetuo
681 4614 887 4706 valiturum,
906 4634 1048 4710 presens
1066 4611 1290 4710 privilegium
1305 4632 1367 4708 per
1393 4631 1517 4684 manus
1538 4610 1629 4683 Petri

213 4734 260 4811 de
283 4739 425 4812 Salerno
443 4739 572 4813 notarii
600 4748 635 4813 at
661 4737 775 4814 fidelis
798 4739 905 4814 nostri
929 4738 1033 4812 scribi
1056 4737 1201 4814 lecimus
1233 4746 1269 4810 et
1301 4744 1416 4810 nostra
1442 4735 1630 4830 majestatis
