4324 5916
251 613 350 674 lrtnrcr.
369 611 429 690 lt]
708 607 903 671 HISTORIA
929 607 1220 670 nlrbouartca
1604 605 1661 669 861

302 777 340 846 ln
358 771 498 851 nomine
513 781 631 845 sancte
657 779 692 844 et
715 769 898 845 individue
913 769 1098 844 Trinitatis.
1117 770 1298 844 Heinricus
1314 769 1376 844 Dei
1402 767 1512 864 gratia
1534 769 1663 844 Roma-

252 921 377 972 norum
405 921 469 971 rex
495 907 529 970 et
550 917 686 993 semper
703 905 885 990 augustus.
906 893 960 968 Ad
988 895 1054 968 boc
1077 895 1198 969 divina
1216 896 1419 993 disponente
1442 892 1663 968 Providentia

252 1026 299 1098 ad
323 1023 421 1118 regui
448 1023 684 1118 gubernacula
709 1043 772 1096 nos
802 1021 976 1096 credimus
1001 1043 1078 1094 esse
1104 1022 1322 1114 sublimatos,
1341 1029 1381 1094 ut
1396 1041 1574 1094 servorum
1600 1021 1664 1094 Dei

254 1149 462 1222 utilitatibus
492 1147 528 1218 in
557 1147 806 1241 temporalibus
835 1145 1001 1218 subsidiis
1025 1146 1120 1240 regia
1148 1145 1352 1220 liberalitate
1379 1145 1599 1218 consulamus
1629 1153 1664 1218 et

255 1271 468 1370 propensiori
501 1269 680 1365 diligentia
717 1270 977 1366 privilegiomm
1006 1281 1198 1344 nostrorum
1233 1269 1490 1344 confirmatione
1522 1269 1664 1364 prospi-

255 1398 400 1472 ciamus.
422 1395 508 1470 lnde
523 1404 577 1468 est
594 1394 689 1490 qnod
706 1394 868 1468 omnibus
883 1393 1019 1492 imperii
1038 1393 1200 1469 fidelibus
1217 1405 1371 1468 constare
1391 1394 1553 1468 volumus
1568 1392 1665 1488 qnod

257 1543 321 1596 nos
348 1521 506 1620 petitioni
535 1520 650 1594 dilecti
681 1520 782 1594 nobis
806 1519 970 1616 principis
997 1519 1194 1616 lingelberti
1218 1519 1424 1594 venerabilis
1453 1518 1665 1592 cotoniensis

254 1645 503 1742 archiepiscopi
526 1646 738 1738 fratrumque
758 1643 958 1740 Campensis
983 1644 1118 1717 cenobii
1142 1645 1406 1736 satisfacientes,
1428 1663 1489 1740 pro
1510 1643 1664 1718 remedio

253 1771 369 1846 anime
394 1781 509 1844 nostre
536 1778 788 1866 parentumque
811 1779 1017 1861 nostrorum,
1039 1769 1129 1842 banc
1150 1769 1280 1844 eisdem
1304 1769 1504 1865 Campensis
1529 1766 1663 1841 cenobii

254 1895 417 1969 iratribus
435 1895 579 1990 gratiam
598 1904 632 1968 ct
654 1892 825 1968 licentiam
845 1891 1071 1987 indulsimus,
1089 1895 1253 1990 quatinus
1268 1915 1506 1992 quascumque
1527 1914 1663 1988 posses·

254 2021 369 2094 siones
389 2021 424 2092 in
444 2021 537 2116 agris
555 2020 730 2108 videlicet,
755 2019 884 2108 vineis,
913 2019 1035 2116 pratis,
1055 2019 1169 2112 silvis,
1197 2021 1317 2115 aquis,
1336 2019 1484 2115 stagnis,
1508 2019 1659 2116 pascuis,

254 2145 352 2220 terris
372 2145 473 2219 cultis
489 2155 524 2219 et
538 2145 688 2238 incultis,
704 2166 725 2217 a
741 2142 903 2218 fidelibus
918 2143 1052 2240 imperii
1069 2143 1167 2218 titulo
1185 2144 1392 2237 donationis,
1404 2145 1587 2241 emptionis
1599 2166 1663 2218 seu

254 2271 448 2344 concambii
471 2271 681 2344 obtinuerint
702 2270 759 2343 vel
782 2270 880 2366 prius
898 2269 1136 2362 obtinuerant,
1157 2269 1232 2344 sine
1249 2270 1343 2344 omni
1368 2291 1509 2366 prorsus
1528 2279 1663 2342 contra·

256 2396 407 2469 dictione
423 2405 538 2468 nostre
557 2395 744 2488 majestatis
761 2394 963 2468 auctoritate
982 2393 1019 2466 in
1035 2403 1239 2490 perpetuum
1257 2395 1467 2491 possideant.
1488 2394 1533 2468 Ut
1548 2402 1663 2468 antem

254 2521 319 2595 bec
339 2531 456 2595 nostra
474 2519 614 2594 donatio
632 2529 705 2594 rata
721 2521 757 2592 in
775 2528 950 2616 posterum
968 2529 1164 2616 permaneat
1181 2529 1216 2592 et
1233 2520 1453 2612 inconvulsa,
1472 2529 1663 2615 presentem

255 2647 388 2720 exinde
417 2645 581 2742 paginam
606 2644 776 2718 conscribi
802 2653 837 2718 et
860 2643 964 2740 sigilli
989 2645 1096 2718 nostri
1122 2644 1348 2740 impressione
1370 2645 1538 2739 jussimus
1564 2667 1665 2717 com-

253 2771 393 2845 muniri.

302 2895 387 2968 Acta
401 2905 483 2968 sunt
498 2893 563 2968 bec
579 2915 671 2966 anno
687 2892 859 2968 dominice
875 2893 1119 2968 incarnationis
1134 2894 1182 2968 Μ.
1202 2895 1264 2968 CC.
1285 2893 1380 2968 XXV
1396 2891 1409 2990 (
1435 2892 1461 2988 ).

304 3017 388 3118 [Per
404 3019 500 3094 aliud
515 3020 760 3094 documentum
780 3017 937 3111 ejusdem
954 3018 1037 3092 anni
1053 3018 1211 3092 eamdem
1226 3019 1400 3092 abbatiam
1415 3039 1480 3091 rex
1496 3017 1663 3090 Henricns

253 3143 380 3216 eximit
394 3143 439 3216 ab
455 3143 549 3216 omni
562 3143 721 3216 theloneo
734 3163 796 3216 seu
817 3141 967 3240 pedagio
986 3142 1083 3240 apud
1097 3143 1240 3217 domum
1257 3165 1355 3216 snam
1373 3141 1535 3217 Werdam
1557 3141 1664 3240 (Kai-

256 3267 476 3366 serswertb).
497 3268 667 3342 Maneat.
684 3291 741 3364 cp.
763 3269 970 3362 Laconum,
986 3267 1089 3361 ibid,
1105 3292 1141 3364 p.
1158 3269 1219 3360 68,
1236 3278 1308 3343 not.
1326 3265 1379 3366 l.]

309 3849 511 3953 Henricus,
532 3847 792 3932 llomanomm
809 3871 895 3952 rex,
913 3871 985 3956 pro
1001 3845 1169 3930 remedio
1187 3845 1403 3930 animarum
1419 3846 1581 3962 inclytae
1598 3878 1665 3936 re-
1780 3877 1795 3909 ²²

253 3983 484 4068 cordationis
502 3982 677 4066 divorum
694 3980 982 4092 progenitomm
995 4005 1154 4064 suorum
1169 3980 1441 4092 imperatorum
1456 3996 1495 4066 et
1510 4011 1660 4097 regum,

254 4115 431 4204 coenobio
456 4119 504 4202 de
526 4115 717 4227 Adelberg
743 4117 861 4201 donet
886 4142 1065 4200 mensum
1092 4141 1213 4199 unum
1240 4117 1344 4226 apud
1369 4117 1662 4206 Heiliobrunnen

255 4249 498 4363 (Heilbronn)
520 4249 596 4361 (2).

291 4573 328 4650 (tl
347 4574 414 4632 Cum
429 4573 499 4632 desit
519 4574 619 4632 notatio
638 4573 752 4645 mensis,
766 4588 877 4632 necesse
893 4571 923 4630 fit
940 4579 972 4630 ut
989 4571 1042 4631 boc
1062 4572 1252 4630 documentum
1268 4577 1331 4630 ante
1348 4587 1471 4634 mensem
1489 4576 1663 4638 novembrem

252 4669 409 4743 rdemmm,
428 4687 497 4746 quo,
511 4671 612 4729 scilicet
621 4671 736 4746 septimo
747 4669 805 4743 die,
819 4670 994 4746 Engelbertns
1005 4670 1220 4746 archiepiscopus
1232 4670 1337 4730 mcims
1347 4678 1399 4731 est.

288 4771 326 4844 (ἱ)
345 4771 388 4830 Cl.
401 4770 471 4829 inira
481 4769 649 4846 privilegium
660 4769 747 4828 eidem
759 4769 921 4829 monasterio
934 4768 1081 4842 indultam,
1094 4771 1129 4828 26
1142 4769 1207 4828 maii
1220 4770 1300 4828 last.
