4330 5914
217 580 317 639 lvnrcr.
337 575 395 659 lt]
666 575 863 636 fltsroultt
888 572 1177 635 utruottttrtcs.
1568 569 1625 632 6¹11

265 715 412 806 Signum
429 711 560 785 domini
578 711 741 784 Friderioi
753 709 899 784 secundi
914 709 1132 784 invictissimi
1145 709 1375 782 Romanorum
1395 705 1627 802 imperatoris,

216 857 354 932 semper
370 835 525 930 augusti,
546 835 759 908 Hierusalem
776 845 812 908 et
826 834 944 908 Sicilie
960 855 1037 908 rex.

264 959 351 1032 Actu
374 968 456 1032 sunt
477 968 592 1032 autem
615 959 681 1032 hoc
705 981 797 1033 anuo
821 959 995 1034 dominice
1015 952 1259 1031 incarnationis
1280 953 1492 1046 MCCXXVl,
1511 975 1630 1028 mense

212 1083 310 1176 julii,
334 1083 469 1156 decime
487 1093 609 1176 quartu
633 1082 838 1174 indictione,
862 1083 1052 1179 imperante
1070 1081 1211 1154 domiuo
1235 1088 1350 1153 nostro
1370 1078 1543 1154 Fiiderioo
1566 1101 1628 1156 se-

217 1209 334 1281 cundo
349 1208 411 1281 Dei
429 1209 538 1304 gratia
560 1207 785 1282 invictissimo
809 1209 1040 1280 Romanorum
1061 1206 1285 1300 imperatore,
1312 1224 1447 1298 semper
1464 1213 1624 1298 augusto,

216 1331 429 1404 Hierusalem
450 1341 485 1404 et
508 1331 622 1404 Sicilie
636 1351 739 1426 rege,
756 1330 892 1428 imperii
909 1335 985 1423 eJ'ns
1005 1351 1097 1404 auno
1120 1339 1239 1421 sexto,
1265 1327 1478 1402 Hierusalem
1495 1329 1623 1425 primo,

216 1466 253 1528 et
272 1455 368 1549 regni
388 1455 505 1527 Sicilie
521 1453 686 1528 vicesimo
704 1475 813 1546 nono,
834 1453 990 1527 feliciter.
1007 1451 1130 1526 Amen.

266 1581 390 1650 Datum
412 1578 508 1674 apud
522 1581 684 1652 Sencmm
697 1579 887 1670 llinietcm,
906 1599 1010 1668 anno,
1032 1597 1150 1650 mense
1164 1585 1199 1651 et
1214 1575 1402 1650 indictione
1415 1575 1622 1674 prescriptis.

268 2199 501 2308 Friderious,
516 2201 775 2284 Romanorum
802 2201 1022 2310 imperator,
1042 2209 1177 2284 notum
1204 2200 1294 2282 iecit
1319 2200 1504 2284 universis
1521 2199 1626 2310 qnod

215 2360 303 2416 cum
321 2336 460 2418 domus
483 2335 642 2417 Smnotne
658 2335 797 2419 Marino
819 2334 1137 2417 Theutonioomm
1158 2333 1341 2418 Iacobum
1356 2335 1405 2416 de
1423 2332 1626 2444 Amigdela
1718 2332 1771 2418 η’.
1797 2350 1805 2374 ’

214 2465 337 2551 lilium
350 2467 514 2578 junioris
532 2468 632 2551 filiae
658 2468 806 2551 comitis
824 2467 996 2552 Jozoelini
1023 2468 1252 2551 investirent
1268 2469 1316 2550 de
1335 2468 1507 2576 portione
1527 2494 1625 2578 quae

214 2600 401 2712 contingit
422 2625 510 2683 eum
537 2601 577 2682 in
600 2599 711 2684 bonis
733 2597 904 2710 ejusdem
934 2599 1082 2682 comitis
1108 2625 1178 2708 pro
1204 2607 1312 2708 parte
1342 2599 1494 2706 matris,
1523 2600 1624 2682 idem

213 2733 374 2816 lacobus
397 2735 571 2818 eamdem
597 2734 775 2835 domum,
795 2731 890 2815 haec
908 2731 1010 2816 bona
1034 2759 1080 2814 ex
1102 2732 1317 2816 venditione
1341 2731 1521 2816 Beatricis
1546 2734 1625 2844 pri-

213 2868 429 2976 mogenitae
455 2865 603 2950 comitis
629 2863 800 2974 ejusdem
827 2864 1104 2974 possidentem,
1133 2867 1362 2947 assecuravit
1389 2875 1426 2948 et
1451 2867 1626 2950 convenit

212 2999 409 3081 restituere
426 2999 549 3082 eidem
562 2997 695 3081 domui
712 2995 821 3079 illem
838 2995 1019 3106 pecuniae
1033 2997 1282 3108 quantitatem
1296 3023 1413 3108 quam
1431 3023 1500 3106 pro
1513 2997 1623 3080 redi-

213 3131 353 3214 menda
375 3131 448 3213 hec
469 3129 642 3240 portione
667 3129 915 3214 oreditoribus
942 3130 1021 3214 suis
1039 3129 1262 3215 exsolverat.

295 3372 422 3452 (Inedlt.
446 3375 479 3434 tn
501 3374 621 3436 archivo
640 3373 782 3448 neom„
799 3389 838 3433 ex
852 3369 919 3433 llbr.
936 3373 1042 3452 ooplell
1061 3373 1158 3434 ordin.
1173 3373 1348 3436 Thcutonlc.
1370 3373 1455 3438 MSS.
1476 3391 1621 3455 pergam,

332 3479 441 3542 saecul.
456 3479 553 3559 xm.)

258 3692 462 3767 Fredericus
479 3693 543 3766 Dei
564 3693 672 3786 gretia
690 3695 919 3768 Romanorum
941 3693 1139 3789 imperator,
1163 3713 1298 3789 semper
1318 3703 1501 3787 augustus,
1521 3698 1623 3770 lero-

212 3817 334 3891 solimu
358 3826 394 3890 et
413 3817 528 3890 Sicilie
553 3837 630 3890 rex.
656 3817 720 3890 Per
744 3839 885 3913 presens
907 3818 1073 3913 scriptum
1099 3827 1218 3890 notum
1244 3816 1319 3892 fieri
1344 3821 1507 3893 volumus
1534 3821 1622 3893 nni-

211 3942 323 4016 versis
338 3963 401 4038 per
423 3961 570 4036 regnum
585 3941 893 4014 lerosolimitanum
910 3942 1103 4015 constitutis
1116 3940 1278 4016 fidelibus
1295 3944 1432 4036 nostris,
1452 3953 1523 4016 tam
1536 3967 1620 4040 pre-

212 4065 369 4140 sentibus
381 4087 488 4161 quam
508 4065 646 4156 futuris,
662 4064 759 4159 quod
771 4087 850 4138 oum
864 4067 968 4139 irater
981 4068 1197 4139 Hermannus
1210 4067 1372 4162 magister
1384 4090 1480 4142 sacre
1493 4067 1618 4144 domus

212 4189 398 4286 Hospitalis
432 4191 557 4264 Sancte
585 4189 694 4262 llario
726 4187 1014 4263 Thcutonioorum
1046 4191 1084 4262 in
1107 4192 1325 4280 ierosolime,
1351 4191 1464 4266 fidelis
1486 4203 1613 4288 noster,

213 4334 274 4408 pro
291 4313 413 4387 eadem
434 4313 539 4386 domo
558 4335 621 4387 sua
636 4316 730 4407 justo
752 4313 936 4409 emptionis
951 4313 1049 4388 titulo
1063 4315 1256 4412 possideret
1273 4317 1366 4392 bone
1385 4339 1454 4412 que
1476 4319 1616 4394 inerunt

212 4437 388 4532 quondam
414 4436 549 4511 comitis
573 4437 753 4526 loscelini,
772 4459 843 4534 que
864 4460 978 4512 eomes
995 4439 1073 4512 Otto
1097 4439 1143 4514 ds
1164 4441 1391 4516 Ennenberch
1416 4449 1451 4514 et
1475 4443 1614 4518 Beatrix

213 4583 302 4634 uxor
319 4582 382 4633 sua
404 4562 630 4656 primogenita
654 4562 738 4636 dicti
760 4564 894 4637 comitis
915 4565 1075 4637 Jozoelini
1095 4573 1129 4638 et
1149 4566 1227 4639 Otto
1250 4588 1370 4640 eorum
1391 4565 1483 4642 lilius
1501 4570 1614 4644 eidem

214 4685 377 4778 magistro
392 4693 428 4756 et
450 4685 603 4780 predicte
626 4686 751 4760 domus
769 4687 931 4760 iratribus
948 4687 1197 4782 vendiderunt,
1218 4691 1402 4786 inquibus
1425 4692 1517 4769 idem
1541 4717 1612 4771 ma-
