<?xml version="1.0" encoding="UTF-8"?>
<!DOCTYPE html PUBLIC "-//W3C//DTD XHTML 1.0 Transitional//EN"
    "http://www.w3.org/TR/xhtml1/DTD/xhtml1-transitional.dtd">
<html xmlns="http://www.w3.org/1999/xhtml" xml:lang="en" lang="en">
 <head>
  <title>
</title>
<meta http-equiv="Content-Type" content="text/html;charset=utf-8" />
  <meta name='ocr-system' content='tesseract 3.04.00' />
  <meta name='ocr-capabilities' content='ocr_page ocr_carea ocr_par ocr_line ocrx_word'/>
</head>
<body>
  <div class='ocr_page' id='page_1' title='image "./historiadiploma04fredgoog_0256.png"; bbox 0 0 4326 5910; ppageno 0'>
   <div class='ocr_carea' id='block_1_1' title="bbox 207 595 1623 680">
    <p class='ocr_par' dir='ltr' id='par_1_1' title="bbox 207 595 1623 680">
     <span class='ocr_line' id='line_1_1' title="bbox 207 595 1623 680; baseline -0.006 -15"><span class='ocrx_word' id='word_1_1' title='bbox 207 605 305 666; x_wconf 74' lang='lat' dir='ltr'>hmcr.</span> <span class='ocrx_word' id='word_1_2' title='bbox 326 602 387 680; x_wconf 63' lang='lat' dir='ltr'>la]</span> <span class='ocrx_word' id='word_1_3' title='bbox 661 599 857 661; x_wconf 71' lang='lat' dir='ltr'>msroum</span> <span class='ocrx_word' id='word_1_4' title='bbox 883 597 1174 660; x_wconf 64' lang='lat' dir='ltr'>nrrrourrlcr.</span> <span class='ocrx_word' id='word_1_5' title='bbox 1563 595 1623 658; x_wconf 73' lang='lat'>845</span> 
     </span>
    </p>
   </div>
   <div class='ocr_carea' id='block_1_2' title="bbox 209 733 1628 4095">
    <p class='ocr_par' dir='ltr' id='par_1_2' title="bbox 209 733 1628 4095">
     <span class='ocr_line' id='line_1_2' title="bbox 209 733 1623 832; baseline -0.004 -20"><span class='ocrx_word' id='word_1_6' title='bbox 209 742 310 832; x_wconf 83' lang='lat' dir='ltr'>cujus</span> <span class='ocrx_word' id='word_1_7' title='bbox 331 748 384 812; x_wconf 77' lang='lat' dir='ltr'>est</span> <span class='ocrx_word' id='word_1_8' title='bbox 402 759 450 810; x_wconf 81' lang='lat' dir='ltr'>ex</span> <span class='ocrx_word' id='word_1_9' title='bbox 468 739 611 830; x_wconf 81' lang='lat' dir='ltr'><strong>antiqua</strong></span> <span class='ocrx_word' id='word_1_10' title='bbox 631 735 882 810; x_wconf 79' lang='lat' dir='ltr'>consuetudine</span> <span class='ocrx_word' id='word_1_11' title='bbox 897 745 932 808; x_wconf 82' lang='lat' dir='ltr'>et</span> <span class='ocrx_word' id='word_1_12' title='bbox 947 737 1135 832; x_wconf 79' lang='lat' dir='ltr'>approbata</span> <span class='ocrx_word' id='word_1_13' title='bbox 1153 734 1347 808; x_wconf 77' lang='lat' dir='ltr'><strong>secundum</strong></span> <span class='ocrx_word' id='word_1_14' title='bbox 1363 733 1535 826; x_wconf 82' lang='lat' dir='ltr'>regularia</span> <span class='ocrx_word' id='word_1_15' title='bbox 1552 744 1623 808; x_wconf 80' lang='lat' dir='ltr'>sta-</span> 
     </span>
     <span class='ocr_line' id='line_1_3' title="bbox 209 858 1620 956; baseline -0.001 -21"><span class='ocrx_word' id='word_1_16' title='bbox 209 873 283 935; x_wconf 80' lang='lat' dir='ltr'><strong>tuta</strong></span> <span class='ocrx_word' id='word_1_17' title='bbox 298 883 358 935; x_wconf 79' lang='lat' dir='ltr'>eos</span> <span class='ocrx_word' id='word_1_18' title='bbox 377 861 561 956; x_wconf 78' lang='lat' dir='ltr'>com&#39;gere,</span> <span class='ocrx_word' id='word_1_19' title='bbox 576 860 639 934; x_wconf 79' lang='lat' dir='ltr'>sed</span> <span class='ocrx_word' id='word_1_20' title='bbox 658 860 768 933; x_wconf 82' lang='lat' dir='ltr'>securi</span> <span class='ocrx_word' id='word_1_21' title='bbox 786 869 948 932; x_wconf 77' lang='lat' dir='ltr'><strong>maneant</strong></span> <span class='ocrx_word' id='word_1_22' title='bbox 960 859 1093 954; x_wconf 80' lang='lat' dir='ltr'>absque</span> <span class='ocrx_word' id='word_1_23' title='bbox 1105 861 1198 934; x_wconf 86' lang='lat' dir='ltr'><strong>omni</strong></span> <span class='ocrx_word' id='word_1_24' title='bbox 1215 858 1393 952; x_wconf 76' lang='lat' dir='ltr'>eJeotione‚</span> <span class='ocrx_word' id='word_1_25' title='bbox 1407 860 1620 952; x_wconf 79' lang='lat' dir='ltr'>gravamine,</span> 
     </span>
     <span class='ocr_line' id='line_1_4' title="bbox 209 985 1624 1083; baseline -0.001 -23"><span class='ocrx_word' id='word_1_26' title='bbox 209 988 366 1061; x_wconf 80' lang='lat' dir='ltr'><strong>molestia</strong></span> <span class='ocrx_word' id='word_1_27' title='bbox 384 998 418 1062; x_wconf 78' lang='lat' dir='ltr'>et</span> <span class='ocrx_word' id='word_1_28' title='bbox 438 986 713 1083; x_wconf 77' lang='lat' dir='ltr'>perturbatione,</span> <span class='ocrx_word' id='word_1_29' title='bbox 735 985 1000 1080; x_wconf 83' lang='lat' dir='ltr'><strong>necquicquam</strong></span> <span class='ocrx_word' id='word_1_30' title='bbox 1018 985 1149 1058; x_wconf 76' lang='lat' dir='ltr'>servitii</span> <span class='ocrx_word' id='word_1_31' title='bbox 1165 985 1232 1057; x_wconf 84' lang='lat' dir='ltr'>nisi</span> <span class='ocrx_word' id='word_1_32' title='bbox 1255 985 1318 1058; x_wconf 81' lang='lat' dir='ltr'>soli</span> <span class='ocrx_word' id='word_1_33' title='bbox 1340 987 1413 1058; x_wconf 80' lang='lat' dir='ltr'>Deo</span> <span class='ocrx_word' id='word_1_34' title='bbox 1437 994 1473 1057; x_wconf 76' lang='lat' dir='ltr'>et</span> <span class='ocrx_word' id='word_1_35' title='bbox 1495 985 1624 1058; x_wconf 82' lang='lat' dir='ltr'><strong>sanctis</strong></span> 
     </span>
     <span class='ocr_line' id='line_1_5' title="bbox 210 1109 1623 1207; baseline -0.001 -21"><span class='ocrx_word' id='word_1_36' title='bbox 210 1115 287 1206; x_wconf 78' lang='lat' dir='ltr'>ojus</span> <span class='ocrx_word' id='word_1_37' title='bbox 302 1111 450 1186; x_wconf 81' lang='lat' dir='ltr'>reddere</span> <span class='ocrx_word' id='word_1_38' title='bbox 467 1121 652 1206; x_wconf 79' lang='lat' dir='ltr'>cogantur,</span> <span class='ocrx_word' id='word_1_39' title='bbox 674 1121 811 1184; x_wconf 78' lang='lat' dir='ltr'>orantes</span> <span class='ocrx_word' id='word_1_40' title='bbox 827 1119 960 1182; x_wconf 77' lang='lat' dir='ltr'><strong>tantum</strong></span> <span class='ocrx_word' id='word_1_41' title='bbox 980 1131 1043 1206; x_wconf 88' lang='lat' dir='ltr'>pro</span> <span class='ocrx_word' id='word_1_42' title='bbox 1064 1133 1102 1183; x_wconf 79' lang='lat' dir='ltr'>se</span> <span class='ocrx_word' id='word_1_43' title='bbox 1123 1119 1156 1182; x_wconf 84' lang='lat' dir='ltr'>et</span> <span class='ocrx_word' id='word_1_44' title='bbox 1178 1119 1267 1182; x_wconf 84' lang='lat' dir='ltr'><strong>statu</strong></span> <span class='ocrx_word' id='word_1_45' title='bbox 1292 1111 1426 1207; x_wconf 84' lang='lat' dir='ltr'>imperii</span> <span class='ocrx_word' id='word_1_46' title='bbox 1454 1131 1495 1182; x_wconf 84' lang='lat' dir='ltr'>ac</span> <span class='ocrx_word' id='word_1_47' title='bbox 1519 1109 1623 1184; x_wconf 79' lang='lat' dir='ltr'><strong>totius</strong></span> 
     </span>
     <span class='ocr_line' id='line_1_6' title="bbox 211 1235 1623 1332; baseline -0.004 -20"><span class='ocrx_word' id='word_1_48' title='bbox 211 1239 363 1312; x_wconf 72' lang='lat' dir='ltr'><strong>Ecclesia</strong></span> <span class='ocrx_word' id='word_1_49' title='bbox 389 1241 512 1312; x_wconf 79' lang='lat' dir='ltr'><strong>saluto.</strong></span> <span class='ocrx_word' id='word_1_50' title='bbox 537 1238 682 1311; x_wconf 82' lang='lat' dir='ltr'><strong>Nomina</strong></span> <span class='ocrx_word' id='word_1_51' title='bbox 702 1247 817 1310; x_wconf 77' lang='lat' dir='ltr'><strong>autem</strong></span> <span class='ocrx_word' id='word_1_52' title='bbox 834 1237 1088 1332; x_wconf 75' lang='lat' dir='ltr'>possessionum</span> <span class='ocrx_word' id='word_1_53' title='bbox 1104 1235 1169 1309; x_wconf 74' lang='lat' dir='ltr'>hec</span> <span class='ocrx_word' id='word_1_54' title='bbox 1185 1245 1267 1308; x_wconf 83' lang='lat' dir='ltr'>sunt</span> <span class='ocrx_word' id='word_1_55' title='bbox 1288 1257 1297 1303; x_wconf 74' lang='grc' dir='ltr'><strong><em>ε</em></strong></span> <span class='ocrx_word' id='word_1_56' title='bbox 1318 1235 1526 1309; x_wconf 75' lang='lat' dir='ltr'>Vazondorff</span> <span class='ocrx_word' id='word_1_57' title='bbox 1543 1257 1623 1308; x_wconf 87' lang='lat' dir='ltr'>cum</span> 
     </span>
     <span class='ocr_line' id='line_1_7' title="bbox 211 1360 1624 1457; baseline -0.003 -19"><span class='ocrx_word' id='word_1_58' title='bbox 211 1365 394 1440; x_wconf 78' lang='lat' dir='ltr'><strong>advocatia</strong></span> <span class='ocrx_word' id='word_1_59' title='bbox 425 1385 488 1437; x_wconf 81' lang='lat' dir='ltr'>sua</span> <span class='ocrx_word' id='word_1_60' title='bbox 523 1385 570 1438; x_wconf 81' lang='lat' dir='ltr'>ex</span> <span class='ocrx_word' id='word_1_61' title='bbox 596 1372 797 1436; x_wconf 75' lang='lat' dir='ltr'><strong>testamento</strong></span> <span class='ocrx_word' id='word_1_62' title='bbox 823 1363 914 1457; x_wconf 78' lang='lat' dir='ltr'>regis</span> <span class='ocrx_word' id='word_1_63' title='bbox 946 1360 1106 1436; x_wconf 81' lang='lat' dir='ltr'>Conradi.</span> <span class='ocrx_word' id='word_1_64' title='bbox 1135 1361 1230 1434; x_wconf 87' lang='lat' dir='ltr'><strong>Idem</strong></span> <span class='ocrx_word' id='word_1_65' title='bbox 1261 1381 1325 1434; x_wconf 80' lang='lat' dir='ltr'>rex</span> <span class='ocrx_word' id='word_1_66' title='bbox 1359 1361 1503 1434; x_wconf 82' lang='lat' dir='ltr'><strong>contulit</strong></span> <span class='ocrx_word' id='word_1_67' title='bbox 1535 1361 1624 1434; x_wconf 83' lang='lat' dir='ltr'><strong>duas</strong></span> 
     </span>
     <span class='ocr_line' id='line_1_8' title="bbox 213 1487 1628 1586; baseline -0.001 -24"><span class='ocrx_word' id='word_1_68' title='bbox 213 1499 328 1586; x_wconf 80' lang='lat' dir='ltr'>partes</span> <span class='ocrx_word' id='word_1_69' title='bbox 352 1488 487 1563; x_wconf 81' lang='lat' dir='ltr'>decime</span> <span class='ocrx_word' id='word_1_70' title='bbox 509 1489 545 1561; x_wconf 86' lang='lat' dir='ltr'>in</span> <span class='ocrx_word' id='word_1_71' title='bbox 570 1489 786 1585; x_wconf 81' lang='lat' dir='ltr'>Heroltperg,</span> <span class='ocrx_word' id='word_1_72' title='bbox 810 1497 880 1562; x_wconf 80' lang='lat' dir='ltr'>tres</span> <span class='ocrx_word' id='word_1_73' title='bbox 903 1509 1041 1562; x_wconf 78' lang='lat' dir='ltr'><strong>mansos</strong></span> <span class='ocrx_word' id='word_1_74' title='bbox 1061 1489 1098 1559; x_wconf 86' lang='lat' dir='ltr'>in</span> <span class='ocrx_word' id='word_1_75' title='bbox 1120 1489 1350 1584; x_wconf 61' lang='lat' dir='ltr'>uwmpurg,</span> <span class='ocrx_word' id='word_1_76' title='bbox 1367 1487 1403 1559; x_wconf 90' lang='lat' dir='ltr'>in</span> <span class='ocrx_word' id='word_1_77' title='bbox 1417 1488 1628 1584; x_wconf 74' lang='lat' dir='ltr'>Typerstorff</span> 
     </span>
     <span class='ocr_line' id='line_1_9' title="bbox 213 1611 1622 1710; baseline 0 -24"><span class='ocrx_word' id='word_1_78' title='bbox 213 1637 322 1687; x_wconf 88' lang='lat' dir='ltr'><strong>unum</strong></span> <span class='ocrx_word' id='word_1_79' title='bbox 337 1635 518 1706; x_wconf 80' lang='lat' dir='ltr'><strong>mansum,</strong></span> <span class='ocrx_word' id='word_1_80' title='bbox 542 1613 762 1710; x_wconf 80' lang='lat' dir='ltr'><strong>Heydelpach</strong></span> <span class='ocrx_word' id='word_1_81' title='bbox 781 1635 889 1685; x_wconf 88' lang='lat' dir='ltr'>unum</span> <span class='ocrx_word' id='word_1_82' title='bbox 906 1633 1085 1705; x_wconf 86' lang='lat' dir='ltr'><strong>mansum,</strong></span> <span class='ocrx_word' id='word_1_83' title='bbox 1105 1613 1140 1684; x_wconf 91' lang='lat' dir='ltr'>in</span> <span class='ocrx_word' id='word_1_84' title='bbox 1156 1611 1399 1686; x_wconf 78' lang='lat' dir='ltr'>Bauoshausen</span> <span class='ocrx_word' id='word_1_85' title='bbox 1421 1611 1509 1686; x_wconf 88' lang='lat' dir='ltr'>duos</span> <span class='ocrx_word' id='word_1_86' title='bbox 1525 1635 1622 1686; x_wconf 79' lang='lat' dir='ltr'><strong>man·</strong></span> 
     </span>
     <span class='ocr_line' id='line_1_10' title="bbox 211 1737 1622 1836; baseline -0.001 -24"><span class='ocrx_word' id='word_1_87' title='bbox 211 1761 282 1828; x_wconf 80' lang='lat' dir='ltr'>sos,</span> <span class='ocrx_word' id='word_1_88' title='bbox 298 1740 335 1810; x_wconf 89' lang='lat' dir='ltr'>in</span> <span class='ocrx_word' id='word_1_89' title='bbox 352 1739 544 1814; x_wconf 78' lang='lat' dir='ltr'>Biberbach</span> <span class='ocrx_word' id='word_1_90' title='bbox 558 1751 592 1812; x_wconf 78' lang='lat' dir='ltr'>et</span> <span class='ocrx_word' id='word_1_91' title='bbox 606 1739 840 1836; x_wconf 83' lang='lat' dir='ltr'>symonhowe</span> <span class='ocrx_word' id='word_1_92' title='bbox 862 1748 930 1812; x_wconf 76' lang='lat' dir='ltr'>tres</span> <span class='ocrx_word' id='word_1_93' title='bbox 946 1759 1084 1812; x_wconf 77' lang='lat' dir='ltr'><strong>mansos</strong></span> <span class='ocrx_word' id='word_1_94' title='bbox 1103 1747 1138 1811; x_wconf 82' lang='lat' dir='ltr'>et</span> <span class='ocrx_word' id='word_1_95' title='bbox 1153 1737 1352 1831; x_wconf 87' lang='lat' dir='ltr'><strong>dimidium,</strong></span> <span class='ocrx_word' id='word_1_96' title='bbox 1368 1737 1622 1835; x_wconf 80' lang='lat' dir='ltr'>Weisenprunn</span> 
     </span>
     <span class='ocr_line' id='line_1_11' title="bbox 211 1863 1622 1955; baseline -0.002 -16"><span class='ocrx_word' id='word_1_97' title='bbox 211 1865 302 1939; x_wconf 85' lang='lat' dir='ltr'>duos</span> <span class='ocrx_word' id='word_1_98' title='bbox 329 1887 469 1938; x_wconf 81' lang='lat' dir='ltr'><strong>mansos</strong></span> <span class='ocrx_word' id='word_1_99' title='bbox 491 1888 538 1944; x_wconf 77' lang='lat' dir='ltr'>ex</span> <span class='ocrx_word' id='word_1_100' title='bbox 569 1866 661 1938; x_wconf 91' lang='lat' dir='ltr'>dono</span> <span class='ocrx_word' id='word_1_101' title='bbox 688 1865 818 1938; x_wconf 80' lang='lat' dir='ltr'>Alberti</span> <span class='ocrx_word' id='word_1_102' title='bbox 844 1865 889 1938; x_wconf 80' lang='lat' dir='ltr'>de</span> <span class='ocrx_word' id='word_1_103' title='bbox 917 1867 1037 1938; x_wconf 80' lang='lat' dir='ltr'><strong>Daune</strong></span> <span class='ocrx_word' id='word_1_104' title='bbox 1059 1887 1138 1938; x_wconf 86' lang='lat' dir='ltr'>cum</span> <span class='ocrx_word' id='word_1_105' title='bbox 1157 1865 1362 1955; x_wconf 80' lang='lat' dir='ltr'><strong>advocatia,</strong></span> <span class='ocrx_word' id='word_1_106' title='bbox 1386 1863 1622 1937; x_wconf 82' lang='lat' dir='ltr'><strong>Huesenbuhil</strong></span> 
     </span>
     <span class='ocr_line' id='line_1_12' title="bbox 211 1989 1622 2088; baseline -0.002 -23"><span class='ocrx_word' id='word_1_107' title='bbox 211 2013 259 2065; x_wconf 84' lang='lat' dir='ltr'>ex</span> <span class='ocrx_word' id='word_1_108' title='bbox 279 1989 372 2066; x_wconf 88' lang='lat' dir='ltr'>dono</span> <span class='ocrx_word' id='word_1_109' title='bbox 396 1992 527 2064; x_wconf 84' lang='lat' dir='ltr'>Alberti</span> <span class='ocrx_word' id='word_1_110' title='bbox 553 1991 598 2066; x_wconf 85' lang='lat' dir='ltr'>de</span> <span class='ocrx_word' id='word_1_111' title='bbox 622 1991 713 2088; x_wconf 83' lang='lat' dir='ltr'><strong>Reyz</strong></span> <span class='ocrx_word' id='word_1_112' title='bbox 735 2013 815 2064; x_wconf 86' lang='lat' dir='ltr'>cum</span> <span class='ocrx_word' id='word_1_113' title='bbox 834 1989 1031 2083; x_wconf 81' lang='lat' dir='ltr'>advocatia,</span> <span class='ocrx_word' id='word_1_114' title='bbox 1052 1993 1366 2064; x_wconf 61' lang='lat' dir='ltr'>Romam-unum</span> <span class='ocrx_word' id='word_1_115' title='bbox 1392 2011 1551 2062; x_wconf 80' lang='lat' dir='ltr'><strong>mansum</strong></span> <span class='ocrx_word' id='word_1_116' title='bbox 1575 2011 1622 2064; x_wconf 80' lang='lat' dir='ltr'>ox</span> 
     </span>
     <span class='ocr_line' id='line_1_13' title="bbox 213 2115 1621 2213; baseline -0.001 -22"><span class='ocrx_word' id='word_1_117' title='bbox 213 2115 306 2192; x_wconf 88' lang='lat' dir='ltr'>dono</span> <span class='ocrx_word' id='word_1_118' title='bbox 320 2117 483 2192; x_wconf 76' lang='lat' dir='ltr'>Burcardi</span> <span class='ocrx_word' id='word_1_119' title='bbox 510 2117 555 2192; x_wconf 82' lang='lat' dir='ltr'>de</span> <span class='ocrx_word' id='word_1_120' title='bbox 570 2117 785 2213; x_wconf 79' lang='lat' dir='ltr'>Reginhowe</span> <span class='ocrx_word' id='word_1_121' title='bbox 802 2139 881 2190; x_wconf 89' lang='lat' dir='ltr'>cum</span> <span class='ocrx_word' id='word_1_122' title='bbox 900 2116 1094 2209; x_wconf 80' lang='lat' dir='ltr'><strong>advocatia,</strong></span> <span class='ocrx_word' id='word_1_123' title='bbox 1114 2115 1312 2190; x_wconf 77' lang='lat' dir='ltr'>Kefonbach</span> <span class='ocrx_word' id='word_1_124' title='bbox 1335 2137 1444 2187; x_wconf 90' lang='lat' dir='ltr'><strong>unum</strong></span> <span class='ocrx_word' id='word_1_125' title='bbox 1462 2137 1621 2188; x_wconf 78' lang='lat' dir='ltr'><strong>mansum</strong></span> 
     </span>
     <span class='ocr_line' id='line_1_14' title="bbox 212 2241 1622 2338; baseline 0.002 -22"><span class='ocrx_word' id='word_1_126' title='bbox 212 2265 260 2316; x_wconf 81' lang='lat' dir='ltr'>ex</span> <span class='ocrx_word' id='word_1_127' title='bbox 278 2244 372 2319; x_wconf 88' lang='lat' dir='ltr'>dono</span> <span class='ocrx_word' id='word_1_128' title='bbox 398 2243 554 2338; x_wconf 83' lang='lat' dir='ltr'>ejusdem</span> <span class='ocrx_word' id='word_1_129' title='bbox 580 2245 719 2335; x_wconf 72' lang='lat' dir='ltr'>matria,</span> <span class='ocrx_word' id='word_1_130' title='bbox 746 2244 927 2338; x_wconf 79' lang='lat' dir='ltr'>Bullingen</span> <span class='ocrx_word' id='word_1_131' title='bbox 953 2253 988 2318; x_wconf 81' lang='lat' dir='ltr'>et</span> <span class='ocrx_word' id='word_1_132' title='bbox 1011 2243 1201 2317; x_wconf 82' lang='lat' dir='ltr'><strong>Holtzheim</strong></span> <span class='ocrx_word' id='word_1_133' title='bbox 1219 2265 1265 2318; x_wconf 78' lang='lat' dir='ltr'>ex</span> <span class='ocrx_word' id='word_1_134' title='bbox 1284 2241 1376 2316; x_wconf 88' lang='lat' dir='ltr'>dono</span> <span class='ocrx_word' id='word_1_135' title='bbox 1393 2242 1551 2336; x_wconf 79' lang='lat' dir='ltr'>Reingeri</span> <span class='ocrx_word' id='word_1_136' title='bbox 1576 2241 1622 2318; x_wconf 83' lang='lat' dir='ltr'>de</span> 
     </span>
     <span class='ocr_line' id='line_1_15' title="bbox 212 2367 1619 2463; baseline 0.001 -25"><span class='ocrx_word' id='word_1_137' title='bbox 212 2367 423 2460; x_wconf 84' lang='lat' dir='ltr'>Herisbach‚</span> <span class='ocrx_word' id='word_1_138' title='bbox 456 2367 677 2441; x_wconf 80' lang='lat' dir='ltr'>Meckenloch</span> <span class='ocrx_word' id='word_1_139' title='bbox 705 2369 861 2463; x_wconf 80' lang='lat' dir='ltr'>quinquo</span> <span class='ocrx_word' id='word_1_140' title='bbox 890 2389 1028 2441; x_wconf 84' lang='lat' dir='ltr'>mansos</span> <span class='ocrx_word' id='word_1_141' title='bbox 1054 2389 1100 2442; x_wconf 83' lang='lat' dir='ltr'>ex</span> <span class='ocrx_word' id='word_1_142' title='bbox 1131 2367 1223 2441; x_wconf 89' lang='lat' dir='ltr'>dono</span> <span class='ocrx_word' id='word_1_143' title='bbox 1252 2367 1396 2441; x_wconf 80' lang='lat' dir='ltr'>Gotfridi</span> <span class='ocrx_word' id='word_1_144' title='bbox 1420 2367 1619 2462; x_wconf 78' lang='lat' dir='ltr'>burgravii,</span> 
     </span>
     <span class='ocr_line' id='line_1_16' title="bbox 213 2492 1621 2590; baseline -0.001 -24"><span class='ocrx_word' id='word_1_145' title='bbox 213 2493 396 2590; x_wconf 75' lang='lat' dir='ltr'><strong>Stuphaim</strong></span> <span class='ocrx_word' id='word_1_146' title='bbox 419 2515 466 2566; x_wconf 85' lang='lat' dir='ltr'>ex</span> <span class='ocrx_word' id='word_1_147' title='bbox 489 2494 581 2567; x_wconf 89' lang='lat' dir='ltr'><strong>dono</strong></span> <span class='ocrx_word' id='word_1_148' title='bbox 603 2493 664 2565; x_wconf 79' lang='lat' dir='ltr'><strong>filii</strong></span> <span class='ocrx_word' id='word_1_149' title='bbox 687 2495 781 2586; x_wconf 82' lang='lat' dir='ltr'>ejus,</span> <span class='ocrx_word' id='word_1_150' title='bbox 805 2494 1001 2568; x_wconf 80' lang='lat' dir='ltr'>Nemsdorff</span> <span class='ocrx_word' id='word_1_151' title='bbox 1019 2503 1088 2566; x_wconf 81' lang='lat' dir='ltr'>tres</span> <span class='ocrx_word' id='word_1_152' title='bbox 1110 2515 1248 2566; x_wconf 82' lang='lat' dir='ltr'>mansos</span> <span class='ocrx_word' id='word_1_153' title='bbox 1271 2515 1319 2566; x_wconf 81' lang='lat' dir='ltr'>ex</span> <span class='ocrx_word' id='word_1_154' title='bbox 1339 2492 1431 2566; x_wconf 91' lang='lat' dir='ltr'>dono</span> <span class='ocrx_word' id='word_1_155' title='bbox 1452 2493 1621 2590; x_wconf 78' lang='lat' dir='ltr'><strong>Byman&#39;i,</strong></span> 
     </span>
     <span class='ocr_line' id='line_1_17' title="bbox 213 2617 1625 2715; baseline 0.001 -25"><span class='ocrx_word' id='word_1_156' title='bbox 213 2617 418 2692; x_wconf 77' lang='lat' dir='ltr'>florendorff</span> <span class='ocrx_word' id='word_1_157' title='bbox 438 2641 549 2691; x_wconf 85' lang='lat' dir='ltr'><strong>unum</strong></span> <span class='ocrx_word' id='word_1_158' title='bbox 574 2641 732 2692; x_wconf 83' lang='lat' dir='ltr'><strong>mansum</strong></span> <span class='ocrx_word' id='word_1_159' title='bbox 763 2641 810 2692; x_wconf 84' lang='lat' dir='ltr'>ex</span> <span class='ocrx_word' id='word_1_160' title='bbox 839 2619 932 2692; x_wconf 90' lang='lat' dir='ltr'>dono</span> <span class='ocrx_word' id='word_1_161' title='bbox 959 2619 1150 2692; x_wconf 78' lang='lat' dir='ltr'>Eberhardi</span> <span class='ocrx_word' id='word_1_162' title='bbox 1178 2618 1223 2691; x_wconf 77' lang='lat' dir='ltr'>de</span> <span class='ocrx_word' id='word_1_163' title='bbox 1249 2619 1402 2708; x_wconf 78' lang='lat' dir='ltr'><strong>Rietfelt,</strong></span> <span class='ocrx_word' id='word_1_164' title='bbox 1435 2620 1625 2715; x_wconf 77' lang='lat' dir='ltr'>Meirsperg</span> 
     </span>
     <span class='ocr_line' id='line_1_18' title="bbox 212 2743 1626 2840; baseline 0.003 -26"><span class='ocrx_word' id='word_1_165' title='bbox 212 2743 372 2840; x_wconf 83' lang='lat' dir='ltr'><strong>quinque</strong></span> <span class='ocrx_word' id='word_1_166' title='bbox 384 2765 522 2817; x_wconf 81' lang='lat' dir='ltr'>mansos</span> <span class='ocrx_word' id='word_1_167' title='bbox 536 2767 581 2817; x_wconf 85' lang='lat' dir='ltr'>ex</span> <span class='ocrx_word' id='word_1_168' title='bbox 597 2744 689 2818; x_wconf 86' lang='lat' dir='ltr'>dono</span> <span class='ocrx_word' id='word_1_169' title='bbox 701 2745 881 2840; x_wconf 69' lang='lat' dir='ltr'>lewpoldi</span> <span class='ocrx_word' id='word_1_170' title='bbox 895 2744 940 2818; x_wconf 82' lang='lat' dir='ltr'>de</span> <span class='ocrx_word' id='word_1_171' title='bbox 950 2744 1125 2836; x_wconf 81' lang='lat' dir='ltr'>Grindela,</span> <span class='ocrx_word' id='word_1_172' title='bbox 1142 2743 1375 2816; x_wconf 79' lang='lat' dir='ltr'>Gotelendorff</span> <span class='ocrx_word' id='word_1_173' title='bbox 1385 2743 1474 2817; x_wconf 85' lang='lat' dir='ltr'>duos</span> <span class='ocrx_word' id='word_1_174' title='bbox 1487 2767 1626 2818; x_wconf 82' lang='lat' dir='ltr'><strong>mansos</strong></span> 
     </span>
     <span class='ocr_line' id='line_1_19' title="bbox 211 2868 1624 2964; baseline 0.002 -22"><span class='ocrx_word' id='word_1_175' title='bbox 211 2890 259 2942; x_wconf 82' lang='lat' dir='ltr'>ex</span> <span class='ocrx_word' id='word_1_176' title='bbox 289 2869 382 2943; x_wconf 89' lang='lat' dir='ltr'>dono</span> <span class='ocrx_word' id='word_1_177' title='bbox 409 2871 514 2944; x_wconf 81' lang='lat' dir='ltr'><strong>Rihze</strong></span> <span class='ocrx_word' id='word_1_178' title='bbox 541 2871 695 2964; x_wconf 83' lang='lat' dir='ltr'>Incluse,</span> <span class='ocrx_word' id='word_1_179' title='bbox 720 2869 911 2944; x_wconf 75' lang='lat' dir='ltr'>Hewlbaoh</span> <span class='ocrx_word' id='word_1_180' title='bbox 936 2880 1004 2942; x_wconf 79' lang='lat' dir='ltr'>tres</span> <span class='ocrx_word' id='word_1_181' title='bbox 1030 2889 1168 2942; x_wconf 78' lang='lat' dir='ltr'><strong>mansos</strong></span> <span class='ocrx_word' id='word_1_182' title='bbox 1194 2891 1240 2944; x_wconf 83' lang='lat' dir='ltr'>ex</span> <span class='ocrx_word' id='word_1_183' title='bbox 1266 2869 1358 2943; x_wconf 89' lang='lat' dir='ltr'>dono</span> <span class='ocrx_word' id='word_1_184' title='bbox 1388 2868 1551 2944; x_wconf 78' lang='lat' dir='ltr'>Gerhardi</span> <span class='ocrx_word' id='word_1_185' title='bbox 1579 2870 1624 2945; x_wconf 79' lang='lat' dir='ltr'>do</span> 
     </span>
     <span class='ocr_line' id='line_1_20' title="bbox 213 2994 1623 3092; baseline 0.002 -26"><span class='ocrx_word' id='word_1_186' title='bbox 213 2996 391 3068; x_wconf 82' lang='lat' dir='ltr'><strong>Zewheim</strong></span> <span class='ocrx_word' id='word_1_187' title='bbox 411 3019 491 3068; x_wconf 88' lang='lat' dir='ltr'>cum</span> <span class='ocrx_word' id='word_1_188' title='bbox 516 2998 715 3089; x_wconf 74' lang='lat' dir='ltr'><strong>advocatia,</strong></span> <span class='ocrx_word' id='word_1_189' title='bbox 740 2997 926 3071; x_wconf 81' lang='lat' dir='ltr'>Dornhoim</span> <span class='ocrx_word' id='word_1_190' title='bbox 942 2996 1031 3070; x_wconf 82' lang='lat' dir='ltr'>duos</span> <span class='ocrx_word' id='word_1_191' title='bbox 1052 3017 1191 3068; x_wconf 84' lang='lat' dir='ltr'><strong>mansos</strong></span> <span class='ocrx_word' id='word_1_192' title='bbox 1212 3018 1258 3068; x_wconf 82' lang='lat' dir='ltr'>ex</span> <span class='ocrx_word' id='word_1_193' title='bbox 1281 2994 1374 3068; x_wconf 91' lang='lat' dir='ltr'>dono</span> <span class='ocrx_word' id='word_1_194' title='bbox 1389 2997 1569 3092; x_wconf 82' lang='lat' dir='ltr'>bewpoldi</span> <span class='ocrx_word' id='word_1_195' title='bbox 1590 3007 1623 3070; x_wconf 82' lang='lat' dir='ltr'>et</span> 
     </span>
     <span class='ocr_line' id='line_1_21' title="bbox 213 3118 1623 3216; baseline 0.004 -26"><span class='ocrx_word' id='word_1_196' title='bbox 213 3118 275 3192; x_wconf 84' lang='lat' dir='ltr'>filii</span> <span class='ocrx_word' id='word_1_197' title='bbox 296 3123 373 3213; x_wconf 81' lang='lat' dir='ltr'><strong>ejus</strong></span> <span class='ocrx_word' id='word_1_198' title='bbox 396 3123 442 3196; x_wconf 86' lang='lat' dir='ltr'>de</span> <span class='ocrx_word' id='word_1_199' title='bbox 461 3121 635 3216; x_wconf 79' lang='lat' dir='ltr'>Grindela,</span> <span class='ocrx_word' id='word_1_200' title='bbox 652 3122 912 3214; x_wconf 74' lang='lat' dir='ltr'>Helbohzheim,</span> <span class='ocrx_word' id='word_1_201' title='bbox 928 3121 1146 3216; x_wconf 80' lang='lat' dir='ltr'>Umgerheim</span> <span class='ocrx_word' id='word_1_202' title='bbox 1167 3131 1202 3194; x_wconf 81' lang='lat' dir='ltr'>et</span> <span class='ocrx_word' id='word_1_203' title='bbox 1216 3120 1389 3194; x_wconf 82' lang='lat' dir='ltr'>Kircheim</span> <span class='ocrx_word' id='word_1_204' title='bbox 1404 3143 1468 3194; x_wconf 81' lang='lat' dir='ltr'>sex</span> <span class='ocrx_word' id='word_1_205' title='bbox 1485 3143 1623 3196; x_wconf 78' lang='lat' dir='ltr'>mansos</span> 
     </span>
     <span class='ocr_line' id='line_1_22' title="bbox 212 3245 1625 3344; baseline 0.001 -26"><span class='ocrx_word' id='word_1_206' title='bbox 212 3267 259 3318; x_wconf 84' lang='lat' dir='ltr'>ex</span> <span class='ocrx_word' id='word_1_207' title='bbox 286 3247 379 3320; x_wconf 87' lang='lat' dir='ltr'>dono</span> <span class='ocrx_word' id='word_1_208' title='bbox 411 3248 613 3342; x_wconf 74' lang='lat' dir='ltr'>Hiltigardis</span> <span class='ocrx_word' id='word_1_209' title='bbox 640 3249 857 3344; x_wconf 59' lang='lat' dir='ltr'>presedisse,</span> <span class='ocrx_word' id='word_1_210' title='bbox 885 3245 1105 3320; x_wconf 85' lang='lat' dir='ltr'>Godelbrune</span> <span class='ocrx_word' id='word_1_211' title='bbox 1131 3268 1241 3318; x_wconf 87' lang='lat' dir='ltr'><strong>unum</strong></span> <span class='ocrx_word' id='word_1_212' title='bbox 1271 3269 1431 3319; x_wconf 84' lang='lat' dir='ltr'><strong>mansum</strong></span> <span class='ocrx_word' id='word_1_213' title='bbox 1456 3269 1502 3321; x_wconf 84' lang='lat' dir='ltr'>ex</span> <span class='ocrx_word' id='word_1_214' title='bbox 1532 3247 1625 3321; x_wconf 90' lang='lat' dir='ltr'><strong>dono</strong></span> 
     </span>
     <span class='ocr_line' id='line_1_23' title="bbox 212 3370 1625 3472; baseline 0.003 -28"><span class='ocrx_word' id='word_1_215' title='bbox 212 3370 374 3446; x_wconf 81' lang='lat' dir='ltr'><strong>Ludwioi</strong></span> <span class='ocrx_word' id='word_1_216' title='bbox 393 3373 438 3446; x_wconf 82' lang='lat' dir='ltr'>de</span> <span class='ocrx_word' id='word_1_217' title='bbox 458 3371 616 3470; x_wconf 80' lang='lat' dir='ltr'><strong>Aspach,</strong></span> <span class='ocrx_word' id='word_1_218' title='bbox 633 3373 829 3472; x_wconf 80' lang='lat' dir='ltr'>Sydelbach</span> <span class='ocrx_word' id='word_1_219' title='bbox 845 3396 955 3446; x_wconf 87' lang='lat' dir='ltr'><strong>unum</strong></span> <span class='ocrx_word' id='word_1_220' title='bbox 976 3375 1135 3445; x_wconf 80' lang='lat' dir='ltr'><strong>mansum</strong></span> <span class='ocrx_word' id='word_1_221' title='bbox 1154 3394 1201 3445; x_wconf 81' lang='lat' dir='ltr'>ex</span> <span class='ocrx_word' id='word_1_222' title='bbox 1215 3371 1308 3445; x_wconf 90' lang='lat' dir='ltr'>dono</span> <span class='ocrx_word' id='word_1_223' title='bbox 1327 3375 1406 3446; x_wconf 78' lang='lat' dir='ltr'><strong>Jute</strong></span> <span class='ocrx_word' id='word_1_224' title='bbox 1425 3373 1470 3448; x_wconf 82' lang='lat' dir='ltr'>de</span> <span class='ocrx_word' id='word_1_225' title='bbox 1486 3375 1625 3448; x_wconf 82' lang='lat' dir='ltr'><strong>Hausen</strong></span> 
     </span>
     <span class='ocr_line' id='line_1_24' title="bbox 214 3497 1627 3594; baseline 0.003 -24"><span class='ocrx_word' id='word_1_226' title='bbox 214 3518 294 3570; x_wconf 84' lang='lat' dir='ltr'>cum</span> <span class='ocrx_word' id='word_1_227' title='bbox 313 3497 515 3592; x_wconf 80' lang='lat' dir='ltr'><strong>advocatia,</strong></span> <span class='ocrx_word' id='word_1_228' title='bbox 536 3499 802 3594; x_wconf 79' lang='lat' dir='ltr'><strong>Hagenhawsen</strong></span> <span class='ocrx_word' id='word_1_229' title='bbox 828 3507 863 3572; x_wconf 78' lang='lat' dir='ltr'>et</span> <span class='ocrx_word' id='word_1_230' title='bbox 885 3497 1083 3594; x_wconf 79' lang='lat' dir='ltr'>Rotenpach</span> <span class='ocrx_word' id='word_1_231' title='bbox 1109 3497 1197 3572; x_wconf 81' lang='lat' dir='ltr'>duos</span> <span class='ocrx_word' id='word_1_232' title='bbox 1220 3519 1357 3571; x_wconf 83' lang='lat' dir='ltr'>mansos</span> <span class='ocrx_word' id='word_1_233' title='bbox 1384 3508 1419 3572; x_wconf 82' lang='lat' dir='ltr'>et</span> <span class='ocrx_word' id='word_1_234' title='bbox 1442 3499 1627 3574; x_wconf 88' lang='lat' dir='ltr'><strong>dimidium</strong></span> 
     </span>
     <span class='ocr_line' id='line_1_25' title="bbox 214 3620 1627 3716; baseline 0.004 -22"><span class='ocrx_word' id='word_1_235' title='bbox 214 3641 262 3694; x_wconf 80' lang='lat' dir='ltr'>ex</span> <span class='ocrx_word' id='word_1_236' title='bbox 290 3620 382 3696; x_wconf 88' lang='lat' dir='ltr'><strong>dono</strong></span> <span class='ocrx_word' id='word_1_237' title='bbox 408 3624 581 3698; x_wconf 82' lang='lat' dir='ltr'>Markardi</span> <span class='ocrx_word' id='word_1_238' title='bbox 608 3623 654 3698; x_wconf 85' lang='lat' dir='ltr'>de</span> <span class='ocrx_word' id='word_1_239' title='bbox 678 3624 965 3716; x_wconf 77' lang='lat' dir='ltr'><strong>Hallenhawsen,</strong></span> <span class='ocrx_word' id='word_1_240' title='bbox 991 3623 1234 3698; x_wconf 71' lang='lat' dir='ltr'>Hormarstorff</span> <span class='ocrx_word' id='word_1_241' title='bbox 1258 3647 1368 3697; x_wconf 88' lang='lat' dir='ltr'><strong>unum</strong></span> <span class='ocrx_word' id='word_1_242' title='bbox 1393 3647 1552 3699; x_wconf 78' lang='lat' dir='ltr'><strong>mansum</strong></span> <span class='ocrx_word' id='word_1_243' title='bbox 1580 3649 1627 3702; x_wconf 81' lang='lat' dir='ltr'>ox</span> 
     </span>
     <span class='ocr_line' id='line_1_26' title="bbox 213 3745 1626 3845; baseline 0.006 -27"><span class='ocrx_word' id='word_1_244' title='bbox 213 3745 309 3820; x_wconf 89' lang='lat' dir='ltr'><strong>dono</strong></span> <span class='ocrx_word' id='word_1_245' title='bbox 330 3745 487 3822; x_wconf 82' lang='lat' dir='ltr'>Alheidis</span> <span class='ocrx_word' id='word_1_246' title='bbox 504 3748 550 3822; x_wconf 83' lang='lat' dir='ltr'>de</span> <span class='ocrx_word' id='word_1_247' title='bbox 566 3749 711 3845; x_wconf 79' lang='lat' dir='ltr'>Henige,</span> <span class='ocrx_word' id='word_1_248' title='bbox 730 3751 986 3826; x_wconf 76' lang='lat' dir='ltr'><strong>Reicholswant</strong></span> <span class='ocrx_word' id='word_1_249' title='bbox 1002 3751 1091 3824; x_wconf 83' lang='lat' dir='ltr'>duos</span> <span class='ocrx_word' id='word_1_250' title='bbox 1104 3772 1242 3824; x_wconf 82' lang='lat' dir='ltr'>mansos</span> <span class='ocrx_word' id='word_1_251' title='bbox 1262 3771 1310 3824; x_wconf 79' lang='lat' dir='ltr'>ex</span> <span class='ocrx_word' id='word_1_252' title='bbox 1328 3750 1420 3825; x_wconf 90' lang='lat' dir='ltr'>dono</span> <span class='ocrx_word' id='word_1_253' title='bbox 1435 3751 1626 3828; x_wconf 77' lang='lat' dir='ltr'>Burchardi</span> 
     </span>
     <span class='ocr_line' id='line_1_27' title="bbox 216 3871 1627 3973; baseline 0.004 -27"><span class='ocrx_word' id='word_1_254' title='bbox 216 3871 263 3946; x_wconf 77' lang='lat' dir='ltr'>do</span> <span class='ocrx_word' id='word_1_255' title='bbox 279 3873 468 3968; x_wconf 79' lang='lat' dir='ltr'><strong>Ginsonha,</strong></span> <span class='ocrx_word' id='word_1_256' title='bbox 491 3875 648 3971; x_wconf 79' lang='lat' dir='ltr'>Melgach</span> <span class='ocrx_word' id='word_1_257' title='bbox 664 3898 774 3948; x_wconf 88' lang='lat' dir='ltr'><strong>unum</strong></span> <span class='ocrx_word' id='word_1_258' title='bbox 794 3898 954 3948; x_wconf 82' lang='lat' dir='ltr'><strong>mansum</strong></span> <span class='ocrx_word' id='word_1_259' title='bbox 978 3897 1025 3950; x_wconf 85' lang='lat' dir='ltr'>ex</span> <span class='ocrx_word' id='word_1_260' title='bbox 1048 3875 1141 3949; x_wconf 90' lang='lat' dir='ltr'><strong>dono</strong></span> <span class='ocrx_word' id='word_1_261' title='bbox 1162 3875 1308 3950; x_wconf 77' lang='lat' dir='ltr'>Conradi</span> <span class='ocrx_word' id='word_1_262' title='bbox 1329 3878 1470 3973; x_wconf 76' lang='lat' dir='ltr'>prefecti</span> <span class='ocrx_word' id='word_1_263' title='bbox 1492 3878 1538 3952; x_wconf 79' lang='lat' dir='ltr'>de</span> <span class='ocrx_word' id='word_1_264' title='bbox 1554 3880 1627 3951; x_wconf 90' lang='lat' dir='ltr'>Nu·</span> 
     </span>
     <span class='ocr_line' id='line_1_28' title="bbox 214 3998 1627 4095; baseline 0.007 -27"><span class='ocrx_word' id='word_1_265' title='bbox 214 3998 393 4094; x_wconf 77' lang='lat' dir='ltr'>remberg‚</span> <span class='ocrx_word' id='word_1_266' title='bbox 410 4001 528 4076; x_wconf 84' lang='lat' dir='ltr'>villam</span> <span class='ocrx_word' id='word_1_267' title='bbox 544 4003 632 4074; x_wconf 82' lang='lat' dir='ltr'>Huel</span> <span class='ocrx_word' id='word_1_268' title='bbox 646 4023 772 4075; x_wconf 84' lang='lat' dir='ltr'><strong>novem</strong></span> <span class='ocrx_word' id='word_1_269' title='bbox 789 4023 928 4075; x_wconf 78' lang='lat' dir='ltr'><strong>mansos</strong></span> <span class='ocrx_word' id='word_1_270' title='bbox 945 4023 991 4075; x_wconf 80' lang='lat' dir='ltr'>ex</span> <span class='ocrx_word' id='word_1_271' title='bbox 1009 4002 1101 4075; x_wconf 89' lang='lat' dir='ltr'>dono</span> <span class='ocrx_word' id='word_1_272' title='bbox 1114 4001 1293 4095; x_wconf 78' lang='lat' dir='ltr'>burgravii</span> <span class='ocrx_word' id='word_1_273' title='bbox 1309 4001 1466 4095; x_wconf 78' lang='lat' dir='ltr'>Gotfridi,</span> <span class='ocrx_word' id='word_1_274' title='bbox 1483 4005 1627 4079; x_wconf 78' lang='lat' dir='ltr'>Newsaz</span> 
     </span>
    </p>
   </div>
   <div class='ocr_carea' id='block_1_3' title="bbox 216 4126 1752 4223">
    <p class='ocr_par' dir='ltr' id='par_1_3' title="bbox 216 4126 1752 4223">
     <span class='ocr_line' id='line_1_29' title="bbox 216 4126 1752 4223; baseline 0.007 -29"><span class='ocrx_word' id='word_1_275' title='bbox 216 4133 366 4218; x_wconf 78' lang='lat' dir='ltr'>quatuor</span> <span class='ocrx_word' id='word_1_276' title='bbox 383 4147 521 4200; x_wconf 80' lang='lat' dir='ltr'>mansos</span> <span class='ocrx_word' id='word_1_277' title='bbox 539 4147 585 4200; x_wconf 82' lang='lat' dir='ltr'>ex</span> <span class='ocrx_word' id='word_1_278' title='bbox 604 4127 696 4201; x_wconf 91' lang='lat' dir='ltr'>dono</span> <span class='ocrx_word' id='word_1_279' title='bbox 714 4127 856 4201; x_wconf 79' lang='lat' dir='ltr'>Gorsridi</span> <span class='ocrx_word' id='word_1_280' title='bbox 874 4126 936 4200; x_wconf 88' lang='lat' dir='ltr'>filii</span> <span class='ocrx_word' id='word_1_281' title='bbox 958 4128 1050 4220; x_wconf 79' lang='lat' dir='ltr'>ejus,</span> <span class='ocrx_word' id='word_1_282' title='bbox 1071 4127 1243 4222; x_wconf 83' lang='lat' dir='ltr'><strong>Kempnat</strong></span> <span class='ocrx_word' id='word_1_283' title='bbox 1260 4137 1408 4223; x_wconf 81' lang='lat' dir='ltr'>quatuor</span> <span class='ocrx_word' id='word_1_284' title='bbox 1424 4151 1562 4204; x_wconf 82' lang='lat' dir='ltr'><strong>mansos</strong></span> <span class='ocrx_word' id='word_1_285' title='bbox 1580 4153 1627 4205; x_wconf 82' lang='lat' dir='ltr'>ex</span> <span class='ocrx_word' id='word_1_286' title='bbox 1748 4147 1752 4156; x_wconf 85' lang='lat'><strong><em>‘</em></strong></span> 
     </span>
    </p>
   </div>
   <div class='ocr_carea' id='block_1_4' title="bbox 214 4247 1628 4476">
    <p class='ocr_par' dir='ltr' id='par_1_4' title="bbox 214 4247 1628 4476">
     <span class='ocr_line' id='line_1_30' title="bbox 214 4247 1626 4350; baseline 0.008 -30"><span class='ocrx_word' id='word_1_287' title='bbox 214 4247 307 4322; x_wconf 88' lang='lat' dir='ltr'><strong>dono</strong></span> <span class='ocrx_word' id='word_1_288' title='bbox 333 4251 488 4324; x_wconf 80' lang='lat' dir='ltr'>Menradi</span> <span class='ocrx_word' id='word_1_289' title='bbox 511 4251 557 4326; x_wconf 79' lang='lat' dir='ltr'>do</span> <span class='ocrx_word' id='word_1_290' title='bbox 579 4253 766 4350; x_wconf 85' lang='lat' dir='ltr'><strong>Kempnat,</strong></span> <span class='ocrx_word' id='word_1_291' title='bbox 788 4253 1052 4348; x_wconf 79' lang='lat' dir='ltr'><strong>Hagenhawsen</strong></span> <span class='ocrx_word' id='word_1_292' title='bbox 1075 4262 1111 4325; x_wconf 82' lang='lat' dir='ltr'>ot</span> <span class='ocrx_word' id='word_1_293' title='bbox 1127 4251 1300 4325; x_wconf 81' lang='lat' dir='ltr'>Hewndal</span> <span class='ocrx_word' id='word_1_294' title='bbox 1323 4262 1391 4326; x_wconf 86' lang='lat' dir='ltr'>tres</span> <span class='ocrx_word' id='word_1_295' title='bbox 1417 4277 1555 4329; x_wconf 81' lang='lat' dir='ltr'><strong>mansos</strong></span> <span class='ocrx_word' id='word_1_296' title='bbox 1579 4277 1626 4331; x_wconf 83' lang='lat' dir='ltr'>ex</span> 
     </span>
     <span class='ocr_line' id='line_1_31' title="bbox 217 4371 1628 4476; baseline 0.006 -30"><span class='ocrx_word' id='word_1_297' title='bbox 217 4371 311 4448; x_wconf 88' lang='lat' dir='ltr'>dono</span> <span class='ocrx_word' id='word_1_298' title='bbox 330 4377 409 4449; x_wconf 80' lang='lat' dir='ltr'><strong>Jute</strong></span> <span class='ocrx_word' id='word_1_299' title='bbox 428 4375 473 4449; x_wconf 79' lang='lat' dir='ltr'>de</span> <span class='ocrx_word' id='word_1_300' title='bbox 486 4377 616 4467; x_wconf 84' lang='lat' dir='ltr'><strong>Tanne,</strong></span> <span class='ocrx_word' id='word_1_301' title='bbox 636 4378 800 4452; x_wconf 83' lang='lat' dir='ltr'>Ferriden</span> <span class='ocrx_word' id='word_1_302' title='bbox 819 4402 927 4452; x_wconf 88' lang='lat' dir='ltr'><strong>unum</strong></span> <span class='ocrx_word' id='word_1_303' title='bbox 946 4401 1102 4451; x_wconf 82' lang='lat' dir='ltr'><strong>mansum</strong></span> <span class='ocrx_word' id='word_1_304' title='bbox 1119 4399 1164 4449; x_wconf 81' lang='lat' dir='ltr'>ex</span> <span class='ocrx_word' id='word_1_305' title='bbox 1180 4377 1272 4450; x_wconf 89' lang='lat' dir='ltr'>dono</span> <span class='ocrx_word' id='word_1_306' title='bbox 1290 4375 1421 4450; x_wconf 79' lang='lat' dir='ltr'>Alberti</span> <span class='ocrx_word' id='word_1_307' title='bbox 1440 4381 1540 4476; x_wconf 88' lang='lat' dir='ltr'><strong>Lupi,</strong></span> <span class='ocrx_word' id='word_1_308' title='bbox 1562 4383 1628 4454; x_wconf 81' lang='lat' dir='ltr'>Le·</span> 
     </span>
    </p>
   </div>
   <div class='ocr_carea' id='block_1_5' title="bbox 216 4495 1627 4854">
    <p class='ocr_par' dir='ltr' id='par_1_5' title="bbox 216 4495 1627 4854">
     <span class='ocr_line' id='line_1_32' title="bbox 216 4495 1627 4597; baseline 0.007 -29"><span class='ocrx_word' id='word_1_309' title='bbox 216 4495 400 4572; x_wconf 79' lang='lat' dir='ltr'>chendorff</span> <span class='ocrx_word' id='word_1_310' title='bbox 413 4523 522 4575; x_wconf 87' lang='lat' dir='ltr'><strong>unum</strong></span> <span class='ocrx_word' id='word_1_311' title='bbox 541 4523 700 4575; x_wconf 79' lang='lat' dir='ltr'><strong>mansum</strong></span> <span class='ocrx_word' id='word_1_312' title='bbox 715 4525 762 4576; x_wconf 82' lang='lat' dir='ltr'>ex</span> <span class='ocrx_word' id='word_1_313' title='bbox 776 4504 868 4577; x_wconf 89' lang='lat' dir='ltr'>dono</span> <span class='ocrx_word' id='word_1_314' title='bbox 885 4503 1064 4597; x_wconf 78' lang='lat' dir='ltr'>Herdegen</span> <span class='ocrx_word' id='word_1_315' title='bbox 1081 4501 1125 4575; x_wconf 86' lang='lat' dir='ltr'>de</span> <span class='ocrx_word' id='word_1_316' title='bbox 1139 4501 1307 4586; x_wconf 84' lang='lat' dir='ltr'>Grindila,</span> <span class='ocrx_word' id='word_1_317' title='bbox 1322 4503 1499 4578; x_wconf 82' lang='lat' dir='ltr'>Rorenstat</span> <span class='ocrx_word' id='word_1_318' title='bbox 1516 4529 1627 4580; x_wconf 89' lang='lat' dir='ltr'><strong>unum</strong></span> 
     </span>
     <span class='ocr_line' id='line_1_33' title="bbox 216 4626 1621 4728; baseline 0.006 -33"><span class='ocrx_word' id='word_1_319' title='bbox 216 4643 374 4697; x_wconf 83' lang='lat' dir='ltr'><strong>mansum</strong></span> <span class='ocrx_word' id='word_1_320' title='bbox 394 4635 431 4699; x_wconf 82' lang='lat' dir='ltr'>et</span> <span class='ocrx_word' id='word_1_321' title='bbox 447 4626 651 4720; x_wconf 87' lang='lat' dir='ltr'><strong>dimidium,</strong></span> <span class='ocrx_word' id='word_1_322' title='bbox 677 4627 850 4702; x_wconf 79' lang='lat' dir='ltr'>Ganstorff</span> <span class='ocrx_word' id='word_1_323' title='bbox 873 4651 982 4701; x_wconf 88' lang='lat' dir='ltr'><strong>unum</strong></span> <span class='ocrx_word' id='word_1_324' title='bbox 1008 4649 1186 4720; x_wconf 84' lang='lat' dir='ltr'>mansum,</span> <span class='ocrx_word' id='word_1_325' title='bbox 1211 4626 1280 4700; x_wconf 82' lang='lat' dir='ltr'>Ura</span> <span class='ocrx_word' id='word_1_326' title='bbox 1303 4649 1413 4702; x_wconf 87' lang='lat' dir='ltr'><strong>unum</strong></span> <span class='ocrx_word' id='word_1_327' title='bbox 1442 4653 1621 4728; x_wconf 84' lang='lat' dir='ltr'><strong>mansum,</strong></span> 
     </span>
     <span class='ocr_line' id='line_1_34' title="bbox 216 4747 1623 4854; baseline 0.01 -36"><span class='ocrx_word' id='word_1_328' title='bbox 216 4747 460 4844; x_wconf 77' lang='lat' dir='ltr'>Krigenbrunn</span> <span class='ocrx_word' id='word_1_329' title='bbox 479 4774 590 4824; x_wconf 87' lang='lat' dir='ltr'><strong>unum</strong></span> <span class='ocrx_word' id='word_1_330' title='bbox 610 4774 788 4844; x_wconf 78' lang='lat' dir='ltr'><strong>mansum,</strong></span> <span class='ocrx_word' id='word_1_331' title='bbox 814 4753 972 4828; x_wconf 80' lang='lat' dir='ltr'>Kranach</span> <span class='ocrx_word' id='word_1_332' title='bbox 995 4763 1143 4849; x_wconf 84' lang='lat' dir='ltr'>quatuor</span> <span class='ocrx_word' id='word_1_333' title='bbox 1161 4774 1302 4827; x_wconf 77' lang='lat' dir='ltr'>mansos</span> <span class='ocrx_word' id='word_1_334' title='bbox 1326 4776 1407 4828; x_wconf 83' lang='lat' dir='ltr'>cum</span> <span class='ocrx_word' id='word_1_335' title='bbox 1428 4756 1623 4854; x_wconf 76' lang='lat' dir='ltr'><strong>advocatia.</strong></span> 
     </span>
    </p>
   </div>
   <div class='ocr_carea' id='block_1_6' title="bbox 0 0 2179 5908">
    <p class='ocr_par' dir='ltr' id='par_1_6' title="bbox 0 0 2179 5908">
     <span class='ocr_line' id='line_1_35' title="bbox 0 0 2179 5908; baseline 0 0"><span class='ocrx_word' id='word_1_336' title='bbox 0 0 2179 5908; x_wconf 95' lang='lat' dir='ltr'> </span> 
     </span>
    </p>
   </div>
  </div>
 </body>
</html>
