4324 5916
570 607 633 670 904
1092 603 1263 666 bubulci
1288 603 1457 668 sutulari
1797 609 1877 688 [dn.
1895 609 1979 670 issu.

571 741 740 815 abcisae
757 760 878 814 corum
897 739 1154 812 successoribus
1173 739 1206 812 ei
1232 741 1287 814 vei
1312 741 1523 836 procuratori
1547 741 1623 834 ejus
1642 741 1760 836 quoad
1775 743 1903 818 vineit
1919 767 1981 818 ex·

570 865 735 952 hibenda,
751 871 854 959 juxta
871 875 1061 938 nostrornm
1081 865 1327 939 continentium
1350 866 1554 940 litterarum.
1574 865 1731 962 Capitula
1748 889 1832 942 vcro
1847 870 1983 962 majoris

571 1002 607 1067 et
634 990 749 1064 Sancti
775 990 917 1063 ioannis
941 989 1247 1084 Osemburgensis,
1275 991 1553 1066 bicuasteriensis
1579 1000 1614 1064 ot
1643 991 1845 1066 werdensis
1872 994 1985 1067 accie-

467 1205 474 1220 ·
569 1115 699 1188 siarum
720 1135 801 1188 eum
822 1113 989 1208 recipiant
1008 1113 1045 1185 in
1067 1113 1273 1188 canonicum
1293 1115 1380 1188 etin
1398 1115 1557 1207 tratrem,
1577 1115 1785 1209 assignaturi
1809 1117 1877 1190 sibi
1900 1139 1984 1214 prc-

569 1238 704 1313 bendas
724 1237 754 1310 si
774 1247 900 1310 vacant
918 1237 964 1310 ad
983 1259 1124 1332 presens
1144 1237 1200 1311 vel
1225 1259 1304 1310 com
1326 1237 1477 1333 primum
1500 1238 1536 1309 in
1563 1237 1718 1312 ecclesiis
1736 1239 1892 1312 vacarint
1912 1239 1985 1312 eis·

570 1365 668 1455 dem,
695 1371 731 1434 et
755 1361 933 1434 annuatim
956 1361 1067 1436 donec
1089 1362 1290 1436 variaverint
1315 1361 1361 1434 de
1385 1364 1617 1436 communiet
1643 1365 1719 1436 sive
1742 1387 1883 1460 presens
1908 1367 1982 1438 sive

569 1489 696 1562 absens
711 1487 826 1578 tuerit,
840 1497 1009 1580 quantum
1029 1486 1185 1560 residens
1203 1487 1249 1560 de
1265 1486 1443 1583 prebenda
1460 1509 1524 1560 sna
1542 1491 1746 1584 perceperit,
1765 1490 1936 1585 provisuri
1953 1500 1987 1562 et

571 1613 760 1686 exhibituri
781 1611 935 1684 terminis
955 1611 1173 1708 supradictis.
1193 1611 1346 1706 Ideoque
1366 1611 1564 1684 discretioni
1588 1623 1702 1685 vestre
1720 1635 1781 1710 per
1799 1616 1984 1710 apostolica

570 1737 697 1834 scripta
717 1736 923 1809 mandamus
938 1745 1110 1830 quatenus
1135 1736 1285 1830 prefatos
1304 1736 1485 1832 episcopos
1501 1745 1536 1809 et
1555 1738 1700 1810 abbates
1715 1761 1757 1811 ac
1774 1761 1986 1813 successores

571 1885 691 1937 eorum
709 1884 844 1935 necnon
859 1861 1010 1958 capitula
1030 1859 1227 1956 supradicta
1244 1859 1291 1934 ad
1310 1861 1376 1933 bec
1389 1861 1420 1934 si
1436 1881 1578 1935 necesse
1598 1861 1702 1935 fuerit
1721 1884 1784 1958 per
1806 1885 1985 1938 censuram

572 1987 856 2078 ecclesiasticam,
882 1987 1018 2059 sublato
1045 1985 1229 2078 cujustibet
1250 1984 1531 2060 contradictionis
1551 1997 1586 2059 et
1612 1987 1850 2082 appellationis
1872 1991 1985 2063 obsta·

572 2113 673 2204 colo,
698 2111 926 2206 compellatis3
952 2111 1195 2184 constitutione
1221 2109 1268 2184 dc
1292 2110 1432 2184 duabus
1457 2109 1562 2184 dictis
1582 2112 1619 2184 in
1657 2113 1809 2206 generali
1841 2115 1987 2188 concilio

573 2237 668 2310 edita
685 2236 940 2309 nonobstante.
960 2235 1063 2322 Quod
1081 2235 1112 2308 si
1130 2257 1200 2308 non
1214 2256 1352 2327 omnes,
1372 2244 1439 2308 etc.

621 2363 747 2434 batum
770 2361 940 2471 Laterani,
961 2361 1061 2434 tertio
1079 2360 1160 2434 idus
1172 2359 1340 2454 januarii,
1357 2359 1577 2458 pontificatus
1595 2361 1702 2434 nostri
1717 2381 1809 2435 anno
1827 2363 1888 2434 XI.

461 2885 542 2980 'M'
629 2857 832 2965 Henricus,
861 2857 1123 2940 Romanorum
1148 2881 1235 2962 rex,
1255 2863 1391 2939 notum
1419 2853 1509 2936 facit
1525 2853 1631 2964 quod
1648 2853 1834 2938 chricos
1851 2853 1988 2938 nobilis

430 2983 481 3026 '²¹⁰
525 3012 532 3026 ·
576 2995 624 3076 de
641 2992 876 3104 Egerspergc
892 3015 982 3074 cum
1000 3016 1118 3075 uxore
1135 2999 1173 3073 et
1188 2988 1417 3074 haeredibus
1436 2987 1515 3070 suis
1533 2987 1664 3071 omnio
1685 2985 1789 3071 bonu
1806 3013 1878 3070 suo
1894 3011 1988 3098 quae
2129 3029 2130 3096 r

576 3126 743 3210 habebat
761 3125 863 3235 apud
880 3124 1153 3234 Mergentheim
1171 3123 1354 3208 fratribus
1369 3123 1509 3208 domus
1528 3121 1689 3204 Sanctae
1705 3120 1845 3206 Mariae
1862 3120 1990 3204 Theu-
2129 3209 2130 3218 ,

575 3261 790 3345 tunicorum
804 3257 974 3343 vendidit
991 3267 1028 3341 et
1053 3257 1302 3364 ocnbodidit3
1322 3281 1442 3367 quum
1463 3255 1718 3341 venditionem
1741 3255 1822 3364 ipse
1843 3254 1989 3340 solem-

577 3395 677 3478 niter
693 3391 881 3477 conscribi
903 3400 941 3475 et
962 3391 1122 3502 sigillari
1140 3389 1243 3474 iacit.

661 3590 780 3671 (incdit.
787 3607 825 3652 ex
832 3591 968 3670 originali
981 3593 1013 3651 tn
1025 3591 1103 3652 urob.
1113 3590 1284 3668 stuttgart„
1295 3590 1382 3653 uobis
1396 3608 1415 3651 u
1427 3591 1571 3653 Kaualero
1584 3590 1812 3652 communicato.
1820 3587 1991 3666 Appeudent

699 3700 757 3758 uta
777 3699 873 3776 sigiita
895 3700 926 3758 tn
951 3697 1054 3758 charta
1075 3703 1193 3772 notata,
1217 3699 1331 3759 scillcet
1353 3699 1448 3778 regis,
1469 3699 1597 3776 episcopi
1619 3695 1840 3773 Herbipoieusis
1859 3703 1890 3757 et
1911 3693 1992 3756 ducis

699 3805 857 3879 Bavartoo;
873 3805 954 3866 lstnd
968 3811 1117 3882 equestre,
1132 3811 1167 3866 nt
1181 3805 1278 3880 solet.)

631 3991 812 4066 Heinricns
843 3991 1013 4088 septimus
1045 3991 1108 4064 Dei
1143 3992 1254 4086 gratia
1285 3993 1518 4066 Romanorum
1541 4013 1623 4080 rex,
1649 4012 1785 4086 semper
1811 3997 1989 4083 augustus.

582 4117 707 4190 Notum
730 4116 875 4188 facimus
893 4115 1063 4189 universis
1087 4136 1229 4210 presens
1256 4116 1423 4212 scriptum
1445 4115 1654 4212 inspecturis
1678 4113 1812 4210 imperii
1836 4112 1993 4186 fidelibus

581 4240 678 4334 qood
698 4239 880 4312 Heinricns
903 4238 957 4310 vir
975 4238 1100 4312 nobilis
1123 4238 1169 4312 de
1186 4239 1400 4335 ligerspergc
1416 4261 1496 4314 cum
1516 4239 1590 4313 'suis
1608 4238 1797 4313 heredibus
1813 4237 1911 4334 apud
1927 4237 1994 4309 Ra-

583 4364 752 4466 tisponam
768 4361 814 4436 ad
832 4373 984 4436 nostram
997 4363 1141 4436 accessit
1157 4363 1378 4459 presentiam,
1390 4373 1425 4438 ct
1441 4385 1558 4438 coram
1576 4363 1808 4460 principibus,
1822 4361 1994 4434 nobilibus

583 4497 618 4562 ct
634 4488 710 4561 aliis
733 4487 869 4584 imperii
889 4487 1052 4561 fidelibus
1076 4487 1206 4561 ibidem
1228 4509 1343 4561 coram
1369 4489 1471 4562 nobis
1496 4489 1715 4584 presentibus
1734 4487 1911 4561 confessus
1934 4483 1994 4557 init

584 4634 623 4686 se
643 4613 744 4686 simul
763 4635 841 4686 cnm
862 4635 971 4687 uxore
989 4635 1052 4686 sua
1070 4621 1105 4685 et
1122 4611 1308 4686 heredibus
1328 4613 1444 4686 omnia
1459 4613 1551 4687 bona
1566 4635 1631 4686 sua
1646 4635 1716 4708 que
1734 4611 1885 4685 habebat
1904 4604 1994 4706 apud

584 4737 820 4830 Mergeuthein
843 4745 878 4810 et
896 4737 933 4809 in
957 4736 1117 4810 districtu
1139 4737 1222 4811 ville
1245 4735 1355 4834 ipsius
1377 4738 1581 4814 vendidisse
1609 4759 1672 4835 pro
1694 4737 1861 4824 (lucentis¹
1875 4731 1993 4810 marcis
