4330 5914
223 606 404 684 10000014]
672 601 870 663 HISTORIA
896 599 1189 662 clanculariae
1576 599 1637 663 669

225 743 357 818 vetoris
378 749 414 814 01
437 747 554 812 000010
571 738 678 812 llario
701 739 746 812 de
763 737 909 830 Ficiclo,
934 737 1046 810 fidelis
1063 746 1196 828 noster,
1217 737 1427 832 presentavit
1445 735 1640 810 celsitudini

227 877 344 940 nostre
368 887 479 937 unum
509 862 727 958 privilegium
754 871 789 935 et
812 883 920 933 nnnm
946 861 1111 957 scriptum
1138 861 1249 934 eidem
1276 861 1483 933 monasterio
1509 882 1530 932 a
1558 861 1641 935 dive

227 991 393 1065 memorie
414 987 591 1084 qnondam
616 987 822 1082 imperatore
848 986 995 1059 Henrico
1016 995 1112 1081 patra
1131 995 1247 1058 nostro
1265 984 1417 1078 indulta,
1439 985 1641 1080 supplicans

227 1115 329 1189 nobis
346 1113 443 1208 quod
463 1123 533 1184 tam
553 1111 719 1205 scriptum
736 1131 842 1203 qnam
857 1110 1075 1204 privilegium
1092 1109 1302 1204 supradicta
1323 1119 1357 1182 et
1374 1109 1541 1203 quioquid
1557 1130 1641 1183 000-

227 1241 357 1312 tinetur
372 1238 408 1308 in
423 1237 549 1309 iisdem
567 1233 774 1306 monasterio
791 1233 993 1307 confirmare
1010 1243 1126 1306 nostra
1142 1234 1307 1306 serenitas
1322 1233 1534 1326 dignaretur.
1552 1234 1641 1307 Con·

230 1364 357 1435 tinetur
370 1361 462 1434 enim
482 1360 661 1454 inscripto
678 1357 825 1452 qualiter
843 1357 1021 1453 predictus
1042 1359 1226 1454 imperator
1247 1366 1345 1452 pater
1369 1367 1495 1449 noster,
1515 1357 1641 1431 intuitu

232 1487 367 1582 pietatis
381 1484 519 1572 divine,
541 1481 709 1554 noncessit
724 1482 872 1554 Hendco
888 1481 1066 1576 quondam
1091 1482 1206 1553 abbati
1228 1489 1263 1554 et
1285 1481 1490 1554 monasterio
1513 1503 1643 1578 supra-

124 1619 126 1624 ’
232 1609 325 1682 dicto
344 1618 382 1680 ut
400 1609 501 1679 liceat
519 1607 631 1678 eidam
649 1603 855 1676 monasterio
874 1602 1027 1678 decimas
1042 1605 1222 1678 universas
1238 1613 1406 1677 terrarum
1422 1615 1457 1678 et
1471 1627 1641 1678 novorum

232 1755 393 1828 agrorum
411 1732 639 1828 spectantium
657 1730 703 1803 ad
724 1729 854 1802 curiam
872 1730 917 1803 de
934 1730 1084 1801 Ficiculo
1100 1738 1134 1802 01
1155 1734 1230 1823 ejus
1245 1729 1400 1802 districtu
1418 1730 1594 1826 percipere
1608 1739 1643 1804 et

232 1857 373 1930 babere.
398 1859 442 1929 Et
462 1857 497 1928 in
523 1855 704 1950 privilegio
721 1853 915 1926 continetur
929 1854 1077 1947 qualiter
1099 1851 1193 1926 idem
1211 1863 1307 1948 pater
1328 1861 1442 1926 noster
1463 1862 1643 1928 monaste-

233 1981 323 2052 rium
348 1981 464 2077 ipsum
487 2001 567 2052 cnm
591 1979 753 2050 omnibus
773 1978 1048 2072 possessionibus
1071 1977 1144 2049 0010
1166 1977 1344 2070 acquisitis
1367 1987 1402 2049 ot
1423 1976 1643 2072 acquirendis

233 2105 291 2201 010
317 2105 448 2176 exemit
472 2104 518 2176 ab
543 2102 638 2175 omni
662 2100 839 2192 districtu,
865 2101 995 2174 ditione
1016 2102 1073 2173 vel
1101 2101 1242 2194 angaria
1267 2102 1414 2196 alicujus
1438 2124 1563 2196 magne
1587 2103 1643 2176 001

233 2251 341 2324 parve
363 2249 520 2324 persone.
547 2228 591 2298 Et
615 2226 734 2298 statuit
752 2223 894 2298 tirmiter
914 2235 954 2296 ut
977 2226 1094 2297 nullus
1110 2234 1285 2320 presumat
1302 2223 1347 2298 de
1369 2225 1644 2321 possessionibus

234 2353 331 2444 ejus,
350 2353 441 2426 datis
455 2353 512 2424 001
529 2350 689 2423 relictisa
704 2349 888 2422 comitibus
911 2349 1126 2444 imperatoris
1142 2349 1321 2436 fidelibus,
1347 2350 1477 2422 scilicet
1492 2351 1641 2442 Kadulo,

233 2475 412 2566 lothario,
427 2475 638 2569 Bulgarello,
658 2473 835 2568 Uguizone
850 2482 885 2546 et
902 2473 1061 2566 Ugolino,
1080 2475 1156 2548 sive
1170 2497 1191 2548 a
1205 2474 1419 2568 quibuslibet
1436 2474 1515 2547 aliis
1532 2474 1644 2547 bomi-

234 2602 340 2673 nibus
362 2611 431 2674 tam
453 2601 489 2672 in
515 2599 686 2685 ecclesiis,
706 2597 869 2671 videlicet
890 2597 1096 2670 monasterio
1120 2599 1235 2670 Sancti
1259 2595 1489 2670 Bartholomei
1513 2597 1558 2671 de
1580 2598 1648 2673 Cn-

234 2725 339 2820 01000
353 2746 433 2796 cum
452 2724 613 2797 omnibus
629 2722 842 2816 pertinentiis
857 2721 931 2794 suis
945 2732 1015 2794 tam
1031 2723 1066 2792 in
1081 2723 1181 2794 terris
1195 2743 1301 2816 qnam
1316 2722 1352 2793 in
1367 2721 1483 2816 aquis,
1503 2723 1647 2796 ccclesia

236 2849 351 2922 Sancti
368 2848 505 2920 Martini
523 2847 569 2920 de
583 2846 739 2934 Catiana,
757 2847 901 2919 ecclesia
915 2846 1031 2918 Sancti
1047 2846 1136 2937 Viti,
1158 2867 1238 2918 cum
1255 2846 1417 2918 omnibns
1433 2867 1552 2918 earum
1569 2869 1646 2942 per·

237 2973 426 3046 tinentibns
452 2982 487 3044 et
510 2970 802 3068 possessionibus,
825 2992 930 3066 quam
955 2971 1119 3062 castellis,
1142 2970 1233 3041 villis
1254 2979 1289 3044 et
1310 2969 1407 3043 011010
1428 2991 1507 3042 cum
1529 2971 1646 3066 pisca-

236 3097 407 3188 tionibus,
432 3096 564 3168 scilicet
587 3094 736 3191 sepedo
758 3094 904 3168 ltiviana
928 3093 979 3190 (a)
1002 3117 1082 3168 cnm
1103 3093 1302 3167 molendino
1319 3103 1354 3166 et
1377 3115 1456 3166 cum
1474 3095 1595 3168 decem
1612 3109 1647 3170 et

237 3223 368 3316 septem
398 3221 599 3292 starioribns
624 3230 793 3294 terrarum
818 3241 888 3314 quo
915 3229 996 3292 sunt
1022 3241 1068 3292 ex
1093 3220 1231 3292 sinistra
1254 3227 1351 3315 parta
1373 3219 1526 3292 fluminis
1545 3221 1647 3312 juxta

237 3367 355 3440 sepem
380 3353 414 3417 et
437 3343 575 3416 duabus
599 3345 755 3441 partibus
781 3345 886 3417 nnius
907 3345 1000 3440 sepis
1020 3365 1090 3438 que
1110 3353 1163 3418 ast
1184 3345 1295 3439 posita
1317 3363 1422 3439 supra
1444 3354 1583 3439 pontem
1601 3344 1646 3418 de

239 3469 390 3566 Capiano
406 3479 510 3565 atque
528 3471 681 3567 inportu
702 3471 757 3543 vel
776 3471 928 3564 naviglio
950 3470 1052 3561 Arni,
1074 3479 1109 3543 01
1127 3471 1164 3541 10
1182 3469 1308 3566 plagiis
1325 3479 1359 3542 01
1377 3469 1414 3541 10
1429 3470 1559 3544 00110110
1579 3493 1648 3566 000

239 3593 485 3690 quoquomodo
509 3615 572 3690 per
592 3593 801 3668 alluvionem
822 3594 1005 3666 fluminum
1023 3593 1180 3688 undique
1195 3602 1413 3682 accrescunt,
1436 3595 1523 3690 quid
1546 3595 1648 3670 dimi·

240 3739 437 3792 nuereseu
463 3740 583 3813 rapere
606 3721 664 3792 001
689 3719 792 3792 etiam
811 3719 1002 3814 inquietare
1025 3719 1101 3792 sive
1124 3719 1304 3792 molestare
1326 3719 1381 3792 vel
1405 3719 1522 3813 aliquo
1546 3721 1650 3794 modo

241 3843 369 3916 audeat
388 3843 579 3916 disvestire.
596 3844 635 3914 ln
652 3843 774 3916 eodem
794 3844 975 3939 privilegio
997 3843 1190 3916 continetur
1209 3841 1356 3937 qualiter
1373 3842 1466 3915 idem
1490 3843 1651 3916 dominus

241 3967 427 4062 imperator
444 3975 670 4062 paternoster
686 3989 750 4063 pro
768 3968 889 4060 majori
905 3968 1146 4042 commoditate
1163 3967 1274 4064 ipsius
1290 3967 1487 4040 monasterii
1504 3967 1652 4040 cassavit

240 4091 380 4186 penitus
406 4097 441 4162 01
464 4089 612 4163 deduxit
634 4091 670 4162 in
696 4091 930 4164 annullatione
961 4092 1152 4184 quamlibet
1174 4093 1303 4185 justam
1331 4089 1650 4187 impignorationem

241 4215 298 4287 001
315 4213 502 4308 qnamdam
521 4215 821 4287 commutationem
839 4237 901 4287 seu
917 4215 1156 4289 alienationem
1175 4215 1344 4289 bonorum
1366 4215 1562 4288 monasterii
1583 4237 1652 4288 00-

242 4339 401 4436 pradicti,
418 4361 506 4435 quas
519 4338 702 4433 Gregorius
719 4339 895 4434 quondam
913 4339 1021 4413 abbas
1039 4341 1129 4414 male
1146 4340 1299 4415 virendo
1314 4339 1487 4434 aliquibus
1498 4340 1653 4436 personis

243 4464 323 4537 tecit
340 4463 455 4538 souin
474 4463 585 4560 100100
603 4465 799 4539 monasterii
816 4465 1046 4562 prejudicium
1065 4465 1291 4562 attemptavit.
1306 4465 1375 4538 Nos
1402 4465 1506 4560 igitur
1522 4465 1653 4562 suppli·

282 4729 325 4808 (a)
343 4729 455 4794 Forsan
465 4731 615 4806 1001000,
629 4737 665 4793 01
676 4731 814 4810 proponlt
827 4730 959 4794 Lamina.
