4324 5912
677 573 804 636 tonali
828 573 1176 640 notissimorum.
1571 577 1634 642 959

224 781 336 860 lato

210 888 348 974 ’ῖς-ἀοῖ
415 901 537 968 tibure.
599 935 641 948 -
658 903 818 966 Bertboldc
837 905 1022 983 patriarchae
1034 905 1225 987 aquilegensi
1239 925 1293 986 per
1311 909 1486 971 senmndam
1499 907 1634 970 concedit

638 999 812 1065 iacultatem
831 1003 987 1064 ordinandi
1003 1003 1083 1078 lora,
1098 1005 1256 1066 banniendi
1270 1011 1301 1066 et
1313 1004 1520 1066 disbunnlendi
1536 1007 1567 1066 ln
1579 1008 1633 1082 Ju-

639 1098 808 1160 rlsdictione
821 1102 897 1177 elus,
913 1105 1052 1178 vemtque
1063 1119 1104 1163 ne
1116 1102 1287 1164 asinabus
1302 1119 1379 1180 quae
1392 1101 1519 1163 subsunt
1537 1103 1633 1164 eidem

639 1196 822 1272 patriarchae
835 1198 922 1258 bceat
938 1198 1046 1276 eligere
1065 1204 1242 1276 potestates,
1258 1216 1289 1261 se
1301 1201 1495 1260 intromittere
1509 1200 1546 1260 dc
1565 1201 1634 1277 epl-

638 1299 762 1372 scopatu
783 1301 854 1371 post
873 1294 1023 1356 mum
1038 1297 1185 1375 episcopi,
1205 1303 1338 1358 monetas
1357 1299 1548 1370 comtltuera,
1568 1310 1634 1359 nm·

638 1387 758 1450 lendina
780 1397 967 1464 musa-uere,
994 1393 1121 1454 uenalem
1143 1393 1192 1455 vel
1212 1395 1340 1455 alienare
1362 1409 1439 1472 quae
1461 1394 1499 1454 ad
1523 1396 1634 1473 regalia

638 1487 802 1562 pertinent,
817 1491 1035 1566 conjurationes
1047 1489 1155 1564 iacere,
1171 1496 1247 1564 etc,
1261 1492 1326 1552 ane
1339 1491 1492 1553 voluumta
1508 1497 1539 1552 et
1556 1507 1634 1554 eon-

639 1586 835 1662 meipsius
848 1586 1042 1663 panteneiae.
1593 1597 1632 1650 te

214 1679 349 1744 decemb.
398 1686 434 1746 In
447 1689 551 1750 maris
599 1711 640 1725 -
658 1679 793 1744 Conrado
810 1689 841 1744 et
858 1683 1018 1762 Oppiroonl
1036 1685 1255 1748 marchionibus
1275 1685 1457 1763 Malaspinae
1479 1693 1509 1746 et
1530 1703 1633 1749 eorum

368 1783 580 1910 Bormum·
638 1779 814 1940 mutans
820 1785 1178 1944 mmmm
1185 1787 1286 1846 omnia
1296 1787 1365 1864 lura
1375 1783 1486 1846 ibidem
1494 1799 1633 1944 οιρᾚ

232 1975 329 2038 adae
398 1980 435 2042 ln
451 1982 556 2042 mstis
598 2005 640 2021 -
659 1975 832 2054 Praeposito
845 1984 876 2040 et
892 1979 1021 2054 capitulo
1034 1978 1136 2040 Sancti
1155 1977 1280 2041 Servabl
1296 1980 1329 2040 ln
1341 1977 1478 2058 Treiecto
1496 1981 1632 2043 concedit

369 2062 572 2206 Hogfflum
639 2079 675 2134 ut
687 2073 822 2234 {nomines
835 2078 929 2154 ipsius
939 2077 1078 2138 amimae
1090 2078 1231 2140 victualia
1244 2074 1384 2139 bumenti
1397 2083 1427 2138 et
1436 2078 1500 2138 alni
1508 2079 1632 2156 adcpus

575 2186 582 2204 ·
639 2175 1628 2254 memactemparterraaquomperaquasinlnpsriodclerent,

638 2270 1368 2350 ainetbeloueo,passagioautexactioneallqua.
1591 2283 1628 2335 7⁷

232 2369 330 2432 edec.
399 2370 435 2432 ln
449 2373 553 2434 matris
599 2396 638 2412 -
658 2367 821 2442 Ecclesme,
844 2371 1010 2446 praeposito
1033 2376 1063 2430 et
1081 2370 1212 2447 capitulo
1233 2369 1364 2448 Aquensi
1386 2369 1520 2432 coneedit
1541 2377 1576 2432 ut
1598 2373 1630 2433 in

369 2453 571 2595 ..nu
638 2466 720 2624 aa
747 2465 1022 2626 itaci
1046 2467 1194 2626 aa

574 2577 583 2595 ·
717 2580 755 2624 cn
793 2581 810 2624 e
966 2580 1041 2642 opus
1285 2581 1339 2642 per
1417 2581 1451 2626 aa
1467 2581 1559 2646 quam
1579 2583 1632 2644 per

638 2660 894 2738 aquasdeisrant,
915 2663 979 2722 sine
999 2661 1151 2736 tbelorm,
1169 2663 1305 2740 passagio
1323 2667 1377 2722 aut
1394 2663 1548 2724 emcdoue
1569 2664 1632 2724 ali-

638 2771 709 2836 qua.
1591 2769 1630 2822 ra

216 2848 350 2914 decemb.
398 2851 435 2912 ln
448 2853 553 2916 emtis
598 2885 641 2906 -
658 2857 816 2936 Prlrilegia
827 2875 846 2920 a
859 2859 1130 2936 praedecessoribus
1150 2861 1211 2922 suls
1227 2859 1345 2921 indulta
1357 2860 1439 2938 genti
1455 2859 1630 2922 Adromto-

182 2977 184 2982 ’
365 2931 588 3008 ⁸P¹¹ds²¹¹⁰t⁰m
638 2957 850 3020 mndecolle
861 2957 947 3019 Putet
957 2973 1050 3036 prope
1062 2957 1175 3020 Lucam
1188 2955 1354 3030 coufirmat,
1370 2973 1439 3018 cum
1452 2957 1630 3020 titulosacri

379 3009 570 3078 mmmm·
638 3055 741 3135 palatii
757 3057 899 3116 comitum
918 3055 1164 3134 etimperlalium
1184 3055 1360 3130 mbsorum,
1372 3053 1578 3133 jurisdictione
1597 3061 1632 3116 et

637 3153 878 3234 possesdonibus.
1590 3161 1628 3216 tit

216 3247 350 3313 dotauit.
434 3251 527 3330 Apud
599 3281 639 3298 -
657 3251 824 3312 iohannem
844 3251 981 3312 abbatem
999 3251 1170 3312 moumterll
1190 3251 1323 3330 Virginis
1340 3249 1453 3312 Mariae
1471 3249 1510 3311 de
1527 3249 1630 3314 licata

405 3332 549 3398 Stultum
638 3349 771 3428 Virglnis
791 3348 970 3426 annaque,
982 3351 1188 3426 *mones
1204 3354 1235 3410 ct
1252 3363 1392 3428 personas
1410 3347 1507 3409 eidem
1525 3363 1630 3410 mona-

377 3411 570 3480 Gemfflm·
639 3448 728 3508 aterio
745 3445 881 3509 subditas
900 3445 959 3506 sub
974 3445 1094 3524 speciali
1108 3447 1288 3524 protectione
1303 3463 1359 3508 sua
1376 3447 1513 3524 suscipit,
1528 3461 1631 3508 omum

639 3547 840 3607 mneosslones
852 3551 883 3606 et
901 3546 1105 3607 immunitates
1117 3546 1157 3606 ab
1176 3545 1279 3606 eodem
1299 3543 1435 3608 obtentas
1455 3543 1630 3621 confirmat,

639 3639 921 3720 obedientiasrpueet
933 3640 1071 3702 ecclesias
1082 3643 1147 3718 ejus
1159 3645 1301 3701 recenset.
1510 3689 1513 3696 .
1593 3645 1632 3709 aa

218 3729 352 3796 decemb.
411 3736 545 3816 Neapoli.
600 3769 642 3785 -
660 3738 800 3800 Homines
821 3738 910 3818 burgi
927 3739 1028 3800 sancti
1047 3737 1178 3800 Iionninl
1196 3737 1253 3800 sub
1272 3738 1417 3815 imperiali
1438 3753 1495 3800 sua
1514 3743 1632 3816 protec-

191 3897 350 4018 Q
639 3837 1632 4010 ilttttttlttlttittllffltt.

233 4031 331 4106 aian.
394 4030 430 4090 In
441 4031 559 4093 mutate
601 4060 642 4076 -
660 4029 709 4090 Ad
728 4046 829 4108 preces
845 4031 968 4092 lionorli
987 4045 1082 4107 papae
1101 4031 1256 4108 privilegia
1275 4031 1444 4091 monasterii
1461 4027 1563 4091 Sancti
1576 4029 1634 4091 Ze·

413 4110 546 4190 ΝθῦΡθῑῙ·
640 4128 728 4188 nonis
740 4133 825 4188 exue
838 4143 938 4188 muros
950 4125 1086 4188 Veronae
1107 4127 1261 4204 deperdita
1274 4132 1305 4188 et
1324 4126 1478 4188 combusta
1496 4131 1632 4200 movet,

640 4227 697 4289 boc
710 4228 919 4290 monasterium
939 4227 996 4288 sub
1013 4227 1132 4304 speciali
1152 4241 1207 4288 sua
1227 4227 1408 4304 protectione
1426 4225 1547 4304 recipit,
1562 4241 1634 4303 pos·

641 4327 785 4387 sessiones
804 4326 867 4402 ejus
889 4331 1042 4386 enumerat
1054 4331 1085 4385 ct
1104 4323 1278 4396 confirmat,
1300 4323 1494 4400 omnibusque
1512 4338 1634 4384 conca·

641 4421 774 4484 sionibus
794 4439 813 4484 a
835 4421 1071 4502 quibuscumque
1092 4421 1189 4484 eldam
1214 4421 1391 4483 monasterio
1416 4418 1503 4480 iactis
1521 4434 1634 4481 nouum

642 4520 728 4582 addit
738 4520 841 4582 robur.
1593 4525 1632 4580 lit

237 4617 336 4692 elau.
414 4617 544 4697 Neapoli.
602 4649 644 4664 -
662 4618 786 4680 Mandat
798 4619 945 4696 praelatis,
960 4618 1134 4692 comitibus,
1148 4613 1309 4680 baronibus
1322 4615 1503 4692 menuae
1515 4630 1568 4692 per
1583 4631 1634 4678 re-

644 4731 737 4797 gnum
755 4717 873 4781 Siciliae
892 4717 1059 4781 constitutis
1078 4722 1114 4778 ut
1135 4731 1206 4779 cum
1224 4715 1437 4778 monasterium
1460 4710 1634 4776 Cassinense
