4324 5916
214 635 391 715 lrurcr.15.l
661 633 859 698 HISTORIA
881 637 1173 700 nlrloltlrlcu.
1572 637 1633 700 897

263 774 303 846 lu
325 771 466 846 nomine
485 779 603 846 sancte
627 780 662 845 et
684 771 871 848 individue
891 775 1080 848 Trinitatis.
1103 773 1225 850 Arnen.
1249 776 1419 848 Henricus
1437 773 1556 848 divina
1576 775 1629 848 la-

215 907 320 970 vante
334 897 516 970 clementia
532 897 765 971 Romanorum
781 920 845 971 rex
857 908 893 972 et
904 920 1041 996 semper
1053 910 1240 996 augustus,
1258 899 1294 972 iu
1311 910 1529 996 perpetuum.
1544 899 1628 972 Cum

215 1022 380 1096 universa
407 1022 475 1094 sub
499 1021 613 1094 lunari
640 1022 744 1114 globo
770 1021 953 1096 existentia
976 1023 1185 1120 corruptioni
1207 1032 1243 1096 et
1264 1024 1485 1097 mutabilitati
1509 1023 1631 1117 subja-

215 1157 329 1240 ceant,
348 1167 488 1220 necesso
508 1155 619 1220 estut
639 1146 751 1220 omnis
772 1145 951 1244 dispositio
971 1157 1007 1222 et
1024 1148 1196 1222 ordinatio
1218 1147 1371 1221 humana
1387 1149 1478 1220 sicut
1494 1146 1535 1220 fit
1550 1169 1630 1220 cum

216 1282 384 1369 tempore,
407 1271 455 1344 ita
478 1271 583 1344 etiam
599 1293 661 1368 per
678 1273 930 1346 successionem
953 1274 1116 1370 temporis
1134 1297 1156 1348 a
1174 1274 1339 1348 memoria
1358 1273 1537 1347 bominum
1561 1295 1631 1369 que

217 1397 332 1470 labilis
350 1406 404 1470 est
420 1395 589 1470 elabatur.
606 1397 675 1470 Sed
691 1396 775 1471 huic
792 1398 1065 1473 incommoditati
1084 1399 1254 1495 sagacitas
1273 1398 1453 1472 homiuum
1474 1398 1634 1472 adhibuit

217 1521 431 1610 remedium,
464 1521 633 1617 scripture
668 1522 872 1618 suffragium
906 1531 941 1596 ct
968 1524 1129 1597 vivorum
1162 1523 1344 1597 bominum
1381 1523 1628 1596 testimouium.

219 1647 344 1718 Notum
366 1645 411 1718 sit
430 1645 537 1740 igitur
554 1645 727 1718 universis
743 1655 936 1742 presentem
959 1647 1123 1744 paginam
1147 1647 1356 1744 inspecturis
1374 1655 1443 1720 tam
1466 1647 1633 1743 presentis

219 1769 319 1842 etatis
340 1791 445 1864 quam
471 1771 586 1842 lutare
615 1771 820 1866 posteritatis
837 1772 934 1866 quod
961 1794 1024 1844 nos
1048 1771 1201 1846 inclinati
1220 1771 1266 1844 ad
1285 1793 1403 1868 preces
1428 1771 1632 1844 dilectorum

221 1893 415 1990 principum
437 1903 632 1968 nostrorum
652 1895 689 1967 in
711 1905 826 1968 nostra
853 1897 1006 1991 generali
1029 1897 1124 1970 curia
1146 1896 1365 1990 Wirtzeburg
1387 1895 1632 1990 existentium,

221 2017 383 2091 videlicet
407 2018 525 2090 Sitridi
552 2017 746 2112 lloguntini
773 2021 981 2095 venerabilis
1006 2021 1273 2117 archiepiscopi,
1291 2019 1492 2094 Theoderici
1509 2022 1635 2094 Trave-

222 2164 338 2216 rorum
359 2143 570 2217 venerabilis
587 2143 856 2240 archiepiscopi,
876 2145 1014 2220 Raurici
1038 2145 1251 2220 coloniensis
1271 2145 1480 2218 venerabilis
1495 2145 1637 2219 archie-

223 2267 375 2364 piscopi,
401 2267 652 2342 venerabilium
680 2269 887 2360 Hermanui,
911 2269 1049 2364 Silridi,
1072 2269 1212 2343 Henrici
1236 2277 1272 2342 et
1296 2267 1434 2341 Heurici
1461 2267 1638 2364 Herbipo-

222 2392 340 2482 lensis,
361 2390 609 2486 Augustanus,
629 2393 897 2466 Wormacieuris
913 2405 947 2468 et
964 2394 1164 2469 Eistetensis
1183 2393 1440 2490 episcoporum,
1457 2390 1638 2466 Ludewici

224 2516 366 2588 illustris
394 2516 495 2590 ducis
522 2516 700 2611 bawarie,
730 2519 916 2592 Hermanni
945 2520 1155 2594 marchionis
1184 2519 1230 2592 de
1254 2517 1392 2609 Badeu,
1418 2517 1639 2592 donatiouem

224 2641 368 2714 ecclesie
393 2641 429 2712 in
453 2641 656 2736 Esselingen
681 2664 787 2738 quam
811 2642 950 2715 inclitus
974 2653 1090 2718 noster
1110 2643 1245 2738 genitor
1267 2641 1484 2734 Fridcricus,
1510 2643 1641 2715 Roma-

225 2787 351 2840 norum
377 2767 564 2862 imperator
587 2777 770 2862 augustus,
789 2769 928 2862 majoris
945 2769 1089 2843 ecclesie
1106 2767 1276 2865 Spirensis
1299 2766 1472 2840 canonicis
1495 2767 1575 2841 lecit
1603 2766 1640 2838 in

225 2889 447 2964 translatione
476 2892 629 2988 corporis
656 2892 806 2990 Philippi
834 2895 926 2990 regis
957 2892 1280 2988 aBabeubergensi
1307 2891 1447 2964 civitate
1478 2891 1525 2964 ad
1555 2892 1641 2988 Spi-

226 2999 384 3109 rensem,
412 3023 544 3110 gratam
569 3026 604 3090 et
629 3028 738 3090 ratam
768 3019 958 3104 babentes,
990 3019 1164 3115 quidquid
1191 3017 1280 3112 juris
1307 3017 1345 3088 in
1379 3015 1472 3090 dicta
1497 3017 1642 3090 ecclesia

226 3139 430 3233 Esselingen
452 3161 505 3212 ex·
525 3149 667 3236 paterna
692 3143 911 3216 successione
930 3144 988 3216 vel
1013 3165 1060 3215 ex
1080 3143 1148 3216 alia
1169 3161 1391 3236 quacumque
1412 3161 1517 3214 causa
1541 3141 1642 3212 nobis

227 3271 424 3360 competere
440 3263 629 3358 videretur,
643 3267 819 3340 canonicis
837 3266 931 3341 dicte
947 3267 1093 3341 ecclesie
1108 3265 1278 3362 Spirensis
1298 3265 1438 3360 majoris
1461 3265 1646 3338 liberaliter

228 3387 457 3482 contulimus,
478 3389 621 3463 liberam
644 3391 696 3465 eis
716 3391 838 3466 dauwe
860 3394 1055 3467 facultatem
1073 3391 1118 3466 de
1135 3391 1330 3466 redditibus
1349 3393 1479 3488 prelata
1501 3387 1645 3464 ecclesie

229 3511 430 3607 Esselingen
448 3521 483 3587 et
498 3535 592 3586 nunc
610 3523 646 3588 et
662 3515 698 3587 in
713 3524 888 3612 posterum
905 3539 966 3612 pro
984 3540 1047 3591 sue
1064 3517 1252 3592 voluntatis
1268 3515 1409 3589 arbitrio
1423 3511 1645 3610 disponendi.

231 3637 276 3710 Ut
300 3647 416 3712 autem
442 3639 508 3714 hec
538 3641 656 3715 omnia
686 3652 853 3739 perpetua
877 3643 1039 3718 firmitate
1061 3643 1215 3718 subnixa
1236 3647 1479 3738 permaneant,
1508 3659 1649 3734 presens

232 3761 455 3858 privilegium
478 3762 562 3838 iude
584 3765 754 3839 conscribi
768 3768 937 3861 jussimus
954 3779 988 3843 et
1005 3768 1118 3863 sigillo
1139 3774 1256 3840 nostre
1279 3763 1465 3858 majestatis
1490 3783 1651 3836 commu-

232 3885 321 3979 niri3
351 3895 539 3962 satuentes
562 3899 598 3962 et
622 3889 873 3966 districtissime
897 3893 1125 3989 precipientes
1149 3900 1188 3964 ut
1215 3910 1317 3964 nemo
1340 3888 1385 3960 sit
1410 3907 1564 3980 uuquam
1591 3886 1651 3980 qui

232 4011 324 4085 bunc
353 4023 504 4088 nostram
531 4015 783 4091 ordinationem
810 4018 927 4114 aliquo
953 4017 1058 4091 modo
1077 4016 1265 4110 intringere
1283 4021 1469 4110 presumat.
1495 4010 1596 4096 Quod
1622 4008 1653 4082 si

231 4135 419 4230 quisquam
438 4139 550 4210 lacere
567 4141 834 4235 attemptaverit,
855 4142 1109 4236 quinquaginta
1130 4140 1236 4212 libras
1254 4138 1333 4233 puri
1357 4134 1433 4208 auri
1454 4141 1649 4228 componat,

235 4257 416 4332 dimidiam
434 4270 566 4354 partem
588 4260 673 4334 fisco
690 4273 824 4354 nostro,
852 4265 1175 4360 reliquampartem
1199 4260 1375 4356 sepedicta
1399 4257 1542 4332 ecclesie
1567 4254 1653 4350 Spi-

233 4384 325 4456 rensi
348 4385 634 4480 persolvendam
666 4397 781 4460 nostra
802 4387 1019 4463 ordinatione
1044 4389 1272 4462 nibilominus
1297 4395 1371 4458 rata
1396 4393 1431 4456 et
1451 4382 1653 4454 inconvulsa

234 4516 468 4600 permanente.
527 4589 529 4594 ,

284 4631 399 4704 Testes
422 4632 528 4728 hujus
548 4635 598 4708 rei
622 4642 704 4708 sunt
724 4636 898 4732 principes
920 4637 1144 4733 suprascripti
1166 4645 1202 4711 et
1220 4634 1323 4708 ceteri
1342 4653 1490 4729 quorum
1511 4627 1654 4702 uomina

234 4755 497 4851 subsequuntur
514 4783 523 4831 ε
540 4760 708 4834 ilenricus
729 4764 837 4856 major
857 4762 1126 4838 Constanticusis
1143 4760 1353 4858 prepositus,
1369 4755 1557 4854 imperialis
1577 4753 1657 4826 aule

339 4880 380 4942 11.
395 4897 479 4942 Pana.
1443 4890 1497 4942 513
