4330 5914
600 581 660 642 720
1124 575 1297 638 asuatcl
1322 577 1492 640 SEPlell
1815 581 1895 660 [Ass.
1913 582 1999 645 1220.

602 715 675 790 cias
692 714 873 806 utriusque
891 701 981 786 ville'
994 707 1175 803 dilingen,
1194 711 1317 786 subeo
1331 714 1409 805 iure
1426 735 1467 788 ac
1482 733 1524 786 aa
1541 713 1707 811 pensione
1725 737 1796 813 qua
1813 737 1872 791 aas
1888 717 1954 812 ipsi
1970 730 2002 789 et

599 847 830 914 antecessores
848 857 967 908 eorum
982 835 1027 907 ab
1041 833 1158 906 inclite
1173 835 1423 910 recordatiouis
1433 859 1515 932 rega
1528 835 1685 934 Philippo
1699 847 1822 934 patruo
1835 849 1951 914 uustm
1970 853 2002 914 et

598 959 818 1059 postmodum
844 959 1061 1048 babuerunt,
1086 957 1238 1030 hilariter
1267 959 1492 1052 concedimus
1516 970 1552 1034 et
1575 961 1753 1036 habendas
1779 963 1998 1052 dimittimus,

597 1095 710 1160 ratum
729 1093 763 1158 et
787 1083 925 1154 lirmum
943 1082 1093 1154 babituri
1113 1083 1240 1154 lactum
1261 1084 1367 1178 patris
1385 1085 1492 1157 nostri
1514 1085 1747 1178 gloriosissimi
1765 1089 1856 1180 regis
1873 1089 2000 1160 Roma-

598 1230 736 1297 norum,
748 1227 883 1301 semper
899 1204 1039 1298 augusti
1053 1214 1088 1276 et
1103 1205 1195 1298 regis
1215 1204 1342 1297 Sicilie,
1362 1205 1437 1300 qui,
1455 1206 1544 1278 sicut
1556 1207 1749 1280 continetur
1768 1208 1804 1279 in
1815 1210 1922 1282 literis
1932 1212 2000 1282 suis

599 1333 692 1406 dicto
712 1331 862 1426 capitulo
883 1349 987 1423 super
1006 1329 1072 1400 buc
1089 1327 1234 1400 indultis
1252 1327 1322 1425 (l),
1342 1331 1489 1424 prelatas
1503 1330 1708 1404 advocacias
1724 1332 1898 1406 antedicto
1918 1356 2000 1429 pre-

597 1456 759 1554 positast
778 1452 920 1528 ecclesie
940 1473 1004 1524 sue
1024 1451 1192 1524 concessit
1213 1461 1314 1524 antea
1336 1462 1371 1526 ct
1395 1453 1441 1526 de
1462 1453 1557 1548 regie
1580 1455 1766 1547 majestatis
1789 1457 1900 1548 gratia
1926 1479 1999 1552 per-

598 1580 693 1652 misit
710 1577 901 1650 habeudas.
920 1577 970 1649 Ne
987 1576 1092 1670 igitur
1111 1563 1322 1670 temporibus
1337 1577 1462 1649 nostris
1482 1577 1625 1670 gratiam
1646 1601 1751 1672 quam
1767 1602 1872 1675 super
1889 1581 2000 1655 advo

600 1705 699 1778 catiis
726 1703 793 1775 illis
815 1711 868 1775 est
894 1709 1079 1774 consecuta
1104 1701 1246 1773 ecclesia
1272 1699 1521 1796 Augustensis,
1549 1723 1758 1798 quocunque
1782 1725 1866 1777 casu
1890 1705 2001 1778 valeat

599 1828 771 1917 amittere;
782 1826 989 1900 mandamus
1003 1825 1069 1898 sub
1082 1825 1358 1897 interminatione
1369 1825 1478 1920 gratie
1489 1836 1604 1899 nostre
1613 1828 1842 1922 precipientes
1853 1829 2001 1902 districte

472 1979 476 1988 ’
599 1960 639 2024 ut
656 1952 772 2022 nullus
798 1951 844 2022 sit
864 1949 926 2044 qui
950 1936 1113 2043 deinceps
1139 1970 1280 2020 manum
1305 1949 1517 2020 temerariam
1545 1949 1581 2020 iu
1606 1951 1834 2046 prejudicium
1860 1952 2001 2025 ecclesie

577 2090 579 2096 ’
596 2081 667 2172 jam
684 2076 774 2149 dicte
789 2074 835 2147 ad
852 2075 945 2170 ipsas
961 2072 1088 2144 audeat
1104 2071 1292 2145 extendere
1310 2073 1529 2158 advocatias,
1549 2076 1607 2148 vel
1627 2097 1666 2148 se
1685 2076 1942 2149 intromittendo
1959 2075 2001 2148 de

599 2201 684 2295 ipsis
702 2199 758 2272 vel
772 2199 857 2270 alias
875 2197 910 2268 iu
926 2197 976 2268 eis
991 2195 1084 2268 dicto
1098 2197 1272 2291 preposito
1284 2205 1319 2268 et
1334 2195 1575 2270 concanonicis
1591 2199 1665 2270 suis
1682 2199 1807 2272 amodo
1824 2198 2000 2271 inserendo

600 2320 767 2394 damnum
785 2319 928 2414 aliquod
944 2320 1019 2390 sive
1035 2339 1234 2411 gravamen.
1257 2317 1358 2403 Quod
1380 2319 1409 2391 si
1431 2319 1510 2412 quis
1526 2321 1660 2412 lecerit,
1678 2320 1799 2392 divine
1816 2321 2001 2414 majestatis

598 2453 633 2516 at
649 2453 762 2515 nostre
782 2442 1027 2536 indignationis
1044 2457 1117 2514 non·
1128 2441 1268 2535 effugiet
1286 2443 1461 2514 ultionem.
1484 2473 1488 2480 ·

645 2569 770 2640 Datum
787 2567 901 2657 Ulme,
923 2588 1015 2640 auno
1035 2565 1208 2638 dominice
1228 2567 1471 2639 iucarnationis
1489 2567 1668 2640 millesimo
1686 2567 1923 2640 ducentesimo
1941 2568 2001 2640 vi-

598 2691 737 2785 cesimo,
756 2689 912 2765 kalendis
930 2690 1147 2787 septembris,
1167 2689 1300 2764 decima
1313 2689 1367 2786 (2)
1383 2691 1590 2764 indiccione.

471 3363 531 3448 eug
649 3309 837 3415 Friderico
850 3356 940 3441 rege
957 3329 1007 3414 ab
1021 3285 1188 3414 Honorio
1203 3329 1242 3410 in
1260 3327 1525 3440 imperatorem
1546 3337 1744 3434 coronate,
1760 3355 1848 3412 cum
1864 3329 2004 3410 intras-

599 3475 656 3550 set
678 3491 841 3576 reguum
864 3463 1030 3567 Siciliae,
1053 3463 1182 3548 audita
1205 3463 1475 3573 archiepiscopi
1496 3463 1747 3569 [Coloniensis
1768 3463 2003 3574 Engclbertil

598 3599 671 3716 sibi
686 3599 725 3679 in
744 3598 971 3682 Alemannis
995 3597 1092 3680 bene
1119 3598 1199 3680 uoti
1224 3597 1429 3706 probitate,
1449 3625 1516 3707 per
1541 3597 1688 3680 litteras
1710 3597 1923 3706 imperiales
1942 3595 2002 3707 (5)

630 3917 668 3991 (4)
686 3915 748 3976 vid.
761 3931 841 3990 sopra
854 3915 1022 3991 privilegium
1034 3915 1162 3974 Fridsrici
1175 3915 1301 3987 *secunda
1315 3915 1408 3974 datum
1422 3916 1494 3990 apud
1506 3917 1658 3991 fflmowe,
1675 3921 1708 3976 tt
1721 3917 1785 3976 mai
1799 3919 1877 3978 42244.

633 4014 669 4092 (2)
689 4015 802 4074 ludictio
815 4031 870 4072 nou
884 4003 1029 4088 respondet
1040 4029 1110 4072 anuo
1123 4011 1220 4070 Christi
1234 4013 1365 4085 iudicato,
1376 4030 1445 4088 quae
1460 4015 1570 4090 quidam
1579 4031 1651 4074 nona
1662 4031 1723 4074 esse
1733 4014 1880 4074 deberetsi
1896 4029 2004 4074 casarea

596 4114 718 4174 notarius
727 4127 792 4170 ustis
806 4111 899 4181 luerit,
913 4111 1033 4168 lraleudis
1045 4111 1206 4184 septembris
1217 4111 1371 4184 incipiente.
1384 4113 1415 4169 ln
1427 4113 1599 4170 renovatione
1612 4113 1733 4187 ejusdem
1746 4111 1877 4186 privilegii
1888 4113 1931 4186 (29
1940 4111 2003 4168 maii

597 4211 691 4287 4222),
707 4210 825 4269 notarius
846 4215 939 4267 contra
960 4209 1133 4267 indictionem
1155 4225 1254 4267 nouam
1271 4208 1394 4281 adhibet,
1419 4227 1489 4285 quae
1504 4217 1569 4268 tuuc
1591 4211 1695 4270 decima
1708 4225 1769 4269 esse
1790 4209 1911 4269 deberat.
1925 4209 2003 4269 Unde

594 4325 679 4368 uuum
691 4309 734 4368 vel
744 4308 857 4366 altarum
867 4307 989 4382 spurium
1003 4313 1050 4364 aut
1063 4297 1158 4364 mlum
1173 4307 1332 4382 rescriptum
1343 4308 1459 4368 vidatm.

629 4405 667 4480 (3)
686 4405 875 4466 Desiderantur
892 4411 983 4464 autem
1001 4405 1069 4464 istae
1089 4405 1216 4462 Friderici
1234 4405 1351 4478 litterae,
1369 4423 1437 4480 quaa
1449 4407 1564 4466 multtum
1584 4409 1745 4484 profluerent
1764 4408 1798 4468 ad
1813 4415 1921 4484 tempus
1932 4406 2003 4466 defi·

595 4503 723 4562 uiendum
737 4519 791 4576 quo
801 4502 982 4578 llngalbertus
993 4503 1104 4562 tutelam
1116 4502 1192 4576 pueri
1203 4507 1230 4560 et
1240 4503 1317 4578 regui
1326 4502 1547 4578 gubernationem
1559 4507 1721 4581 susceperit;
1734 4507 1796 4564 boat
1807 4503 1958 4564 verosimile
1968 4504 2003 4562 sit

595 4600 777 4670 Fridoricum,
798 4602 905 4674 quaudo
924 4615 1018 4660 versus
1035 4599 1138 4656 ltaliam
1156 4595 1322 4672 discesserit,
1344 4601 1410 4658 tanti
1426 4603 1555 4660 momenti
1571 4603 1686 4662 officium
1699 4607 1754 4678 jam
1775 4611 1832 4662 tum
1843 4603 2001 4677 Bugelberto

592 4713 768 4755 commisisse.
1495 4716 1499 4726 ·
