<?xml version="1.0" encoding="UTF-8"?>
<!DOCTYPE html PUBLIC "-//W3C//DTD XHTML 1.0 Transitional//EN"
    "http://www.w3.org/TR/xhtml1/DTD/xhtml1-transitional.dtd">
<html xmlns="http://www.w3.org/1999/xhtml" xml:lang="en" lang="en">
 <head>
  <title>
</title>
<meta http-equiv="Content-Type" content="text/html;charset=utf-8" />
  <meta name='ocr-system' content='tesseract 3.04.00' />
  <meta name='ocr-capabilities' content='ocr_page ocr_carea ocr_par ocr_line ocrx_word'/>
</head>
<body>
  <div class='ocr_page' id='page_1' title='image "./historiadiploma04fredgoog_0102.png"; bbox 0 0 4330 5914; ppageno 0'>
   <div class='ocr_carea' id='block_1_1' title="bbox 204 548 1619 633">
    <p class='ocr_par' dir='ltr' id='par_1_1' title="bbox 204 548 1619 633">
     <span class='ocr_line' id='line_1_1' title="bbox 204 548 1619 633; baseline -0.007 -13"><span class='ocrx_word' id='word_1_1' title='bbox 204 563 302 620; x_wconf 76' lang='lat' dir='ltr'>lanrcr.</span> <span class='ocrx_word' id='word_1_2' title='bbox 322 557 383 633; x_wconf 68' lang='lat' dir='ltr'>la]</span> <span class='ocrx_word' id='word_1_3' title='bbox 653 549 852 612; x_wconf 78' lang='lat' dir='ltr'>HISTORIA</span> <span class='ocrx_word' id='word_1_4' title='bbox 876 551 1168 613; x_wconf 76' lang='lat' dir='ltr'>olrbollllrlclt.</span> <span class='ocrx_word' id='word_1_5' title='bbox 1558 548 1619 610; x_wconf 81' lang='lat'>689</span> 
     </span>
    </p>
   </div>
   <div class='ocr_carea' id='block_1_2' title="bbox 205 684 1625 3760">
    <p class='ocr_par' dir='ltr' id='par_1_2' title="bbox 205 684 1625 3014">
     <span class='ocr_line' id='line_1_2' title="bbox 205 684 1618 782; baseline -0.008 -17"><span class='ocrx_word' id='word_1_6' title='bbox 205 715 285 764; x_wconf 94' lang='lat' dir='ltr'>rum</span> <span class='ocrx_word' id='word_1_7' title='bbox 312 687 445 782; x_wconf 79' lang='lat' dir='ltr'>argenti</span> <span class='ocrx_word' id='word_1_8' title='bbox 466 693 613 758; x_wconf 89' lang='lat' dir='ltr'>tantum.</span> <span class='ocrx_word' id='word_1_9' title='bbox 634 685 677 755; x_wconf 86' lang='lat' dir='ltr'>Et</span> <span class='ocrx_word' id='word_1_10' title='bbox 693 684 790 778; x_wconf 93' lang='lat' dir='ltr'>quod</span> <span class='ocrx_word' id='word_1_11' title='bbox 815 686 967 778; x_wconf 89' lang='lat' dir='ltr'>predicta</span> <span class='ocrx_word' id='word_1_12' title='bbox 989 687 1103 758; x_wconf 88' lang='lat' dir='ltr'>omnia</span> <span class='ocrx_word' id='word_1_13' title='bbox 1129 695 1163 758; x_wconf 87' lang='lat' dir='ltr'>et</span> <span class='ocrx_word' id='word_1_14' title='bbox 1184 685 1320 779; x_wconf 80' lang='lat' dir='ltr'>singula</span> <span class='ocrx_word' id='word_1_15' title='bbox 1345 684 1566 758; x_wconf 84' lang='lat' dir='ltr'>attendantur</span> <span class='ocrx_word' id='word_1_16' title='bbox 1584 693 1618 756; x_wconf 89' lang='lat' dir='ltr'>et</span> 
     </span>
     <span class='ocr_line' id='line_1_3' title="bbox 206 806 1617 910; baseline -0.009 -20"><span class='ocrx_word' id='word_1_17' title='bbox 206 815 442 910; x_wconf 80' lang='lat' dir='ltr'>compleantur</span> <span class='ocrx_word' id='word_1_18' title='bbox 458 811 548 881; x_wconf 92' lang='lat' dir='ltr'>bona</span> <span class='ocrx_word' id='word_1_19' title='bbox 568 806 638 879; x_wconf 85' lang='lat' dir='ltr'>lide</span> <span class='ocrx_word' id='word_1_20' title='bbox 650 819 684 880; x_wconf 91' lang='lat' dir='ltr'>et</span> <span class='ocrx_word' id='word_1_21' title='bbox 696 809 772 880; x_wconf 89' lang='lat' dir='ltr'>sine</span> <span class='ocrx_word' id='word_1_22' title='bbox 785 808 906 881; x_wconf 84' lang='lat' dir='ltr'>fraude</span> <span class='ocrx_word' id='word_1_23' title='bbox 922 809 1177 905; x_wconf 90' lang='lat' dir='ltr'>inperpetuum</span> <span class='ocrx_word' id='word_1_24' title='bbox 1195 809 1288 881; x_wconf 92' lang='lat' dir='ltr'>dicto</span> <span class='ocrx_word' id='word_1_25' title='bbox 1304 809 1477 881; x_wconf 90' lang='lat' dir='ltr'>communi</span> <span class='ocrx_word' id='word_1_26' title='bbox 1497 808 1617 880; x_wconf 87' lang='lat' dir='ltr'>Massi-</span> 
     </span>
     <span class='ocr_line' id='line_1_4' title="bbox 205 933 1618 1028; baseline -0.006 -16"><span class='ocrx_word' id='word_1_27' title='bbox 205 941 271 1028; x_wconf 85' lang='lat' dir='ltr'>lie,</span> <span class='ocrx_word' id='word_1_28' title='bbox 288 937 386 1010; x_wconf 86' lang='lat' dir='ltr'>tactis</span> <span class='ocrx_word' id='word_1_29' title='bbox 401 956 423 1008; x_wconf 83' lang='lat' dir='ltr'>a</span> <span class='ocrx_word' id='word_1_30' title='bbox 441 955 497 1006; x_wconf 92' lang='lat' dir='ltr'>me</span> <span class='ocrx_word' id='word_1_31' title='bbox 508 933 728 1028; x_wconf 77' lang='lat' dir='ltr'><strong>corporaliter</strong></span> <span class='ocrx_word' id='word_1_32' title='bbox 742 934 965 1006; x_wconf 87' lang='lat' dir='ltr'>sacrosanctis</span> <span class='ocrx_word' id='word_1_33' title='bbox 979 934 1184 1026; x_wconf 81' lang='lat' dir='ltr'>evangeliis,</span> <span class='ocrx_word' id='word_1_34' title='bbox 1198 935 1277 1024; x_wconf 87' lang='lat' dir='ltr'>jum</span> <span class='ocrx_word' id='word_1_35' title='bbox 1291 954 1356 1026; x_wconf 78' lang='lat' dir='ltr'>ego</span> <span class='ocrx_word' id='word_1_36' title='bbox 1369 935 1491 1004; x_wconf 88' lang='lat' dir='ltr'>Tomas</span> <span class='ocrx_word' id='word_1_37' title='bbox 1504 953 1618 1005; x_wconf 89' lang='lat' dir='ltr'>comes</span> 
     </span>
     <span class='ocr_line' id='line_1_5' title="bbox 207 1056 1615 1152; baseline -0.004 -16"><span class='ocrx_word' id='word_1_38' title='bbox 207 1060 382 1136; x_wconf 88' lang='lat' dir='ltr'>Sebaudie</span> <span class='ocrx_word' id='word_1_39' title='bbox 393 1067 427 1132; x_wconf 89' lang='lat' dir='ltr'>et</span> <span class='ocrx_word' id='word_1_40' title='bbox 439 1057 507 1130; x_wconf 90' lang='lat' dir='ltr'>mei</span> <span class='ocrx_word' id='word_1_41' title='bbox 519 1056 622 1150; x_wconf 81' lang='lat' dir='ltr'>sigilli</span> <span class='ocrx_word' id='word_1_42' title='bbox 636 1056 826 1130; x_wconf 84' lang='lat' dir='ltr'>munimine</span> <span class='ocrx_word' id='word_1_43' title='bbox 836 1058 927 1130; x_wconf 84' lang='lat' dir='ltr'>banc</span> <span class='ocrx_word' id='word_1_44' title='bbox 940 1067 1068 1130; x_wconf 89' lang='lat' dir='ltr'>cartam</span> <span class='ocrx_word' id='word_1_45' title='bbox 1083 1057 1256 1152; x_wconf 82' lang='lat' dir='ltr'>publicam</span> <span class='ocrx_word' id='word_1_46' title='bbox 1271 1057 1479 1130; x_wconf 91' lang='lat' dir='ltr'>corroborari</span> <span class='ocrx_word' id='word_1_47' title='bbox 1490 1057 1615 1148; x_wconf 92' lang='lat' dir='ltr'>jubeo;</span> 
     </span>
     <span class='ocr_line' id='line_1_6' title="bbox 208 1179 1620 1260; baseline -0.006 0"><span class='ocrx_word' id='word_1_48' title='bbox 208 1197 242 1260; x_wconf 91' lang='lat' dir='ltr'>et</span> <span class='ocrx_word' id='word_1_49' title='bbox 253 1207 316 1258; x_wconf 88' lang='lat' dir='ltr'>nos</span> <span class='ocrx_word' id='word_1_50' title='bbox 329 1183 496 1256; x_wconf 86' lang='lat' dir='ltr'>Henricns</span> <span class='ocrx_word' id='word_1_51' title='bbox 508 1180 553 1254; x_wconf 89' lang='lat' dir='ltr'>de</span> <span class='ocrx_word' id='word_1_52' title='bbox 569 1181 705 1254; x_wconf 88' lang='lat' dir='ltr'>Carreto</span> <span class='ocrx_word' id='word_1_53' title='bbox 718 1181 872 1254; x_wconf 90' lang='lat' dir='ltr'>marchio</span> <span class='ocrx_word' id='word_1_54' title='bbox 887 1189 921 1254; x_wconf 92' lang='lat' dir='ltr'>et</span> <span class='ocrx_word' id='word_1_55' title='bbox 936 1179 1111 1254; x_wconf 82' lang='lat' dir='ltr'>Amedeus</span> <span class='ocrx_word' id='word_1_56' title='bbox 1126 1181 1217 1252; x_wconf 90' lang='lat' dir='ltr'>lilius</span> <span class='ocrx_word' id='word_1_57' title='bbox 1232 1180 1315 1254; x_wconf 88' lang='lat' dir='ltr'>dicti</span> <span class='ocrx_word' id='word_1_58' title='bbox 1328 1181 1474 1254; x_wconf 88' lang='lat' dir='ltr'>Tomasii</span> <span class='ocrx_word' id='word_1_59' title='bbox 1487 1182 1620 1254; x_wconf 92' lang='lat' dir='ltr'>comitis</span> 
     </span>
     <span class='ocr_line' id='line_1_7' title="bbox 208 1303 1622 1399; baseline -0.004 -17"><span class='ocrx_word' id='word_1_60' title='bbox 208 1306 382 1382; x_wconf 87' lang='lat' dir='ltr'>Subandie</span> <span class='ocrx_word' id='word_1_61' title='bbox 396 1315 431 1378; x_wconf 90' lang='lat' dir='ltr'>et</span> <span class='ocrx_word' id='word_1_62' title='bbox 446 1303 640 1399; x_wconf 86' lang='lat' dir='ltr'>Gratapalia</span> <span class='ocrx_word' id='word_1_63' title='bbox 652 1304 688 1375; x_wconf 96' lang='lat' dir='ltr'>in</span> <span class='ocrx_word' id='word_1_64' title='bbox 701 1305 883 1378; x_wconf 82' lang='lat' dir='ltr'>animabus</span> <span class='ocrx_word' id='word_1_65' title='bbox 895 1306 1020 1378; x_wconf 88' lang='lat' dir='ltr'>nostris</span> <span class='ocrx_word' id='word_1_66' title='bbox 1034 1314 1069 1378; x_wconf 88' lang='lat' dir='ltr'>et</span> <span class='ocrx_word' id='word_1_67' title='bbox 1082 1305 1165 1378; x_wconf 91' lang='lat' dir='ltr'>dicti</span> <span class='ocrx_word' id='word_1_68' title='bbox 1178 1305 1311 1378; x_wconf 86' lang='lat' dir='ltr'>comilis</span> <span class='ocrx_word' id='word_1_69' title='bbox 1323 1304 1511 1394; x_wconf 78' lang='lat' dir='ltr'>sabaudie,</span> <span class='ocrx_word' id='word_1_70' title='bbox 1522 1306 1622 1378; x_wconf 89' lang='lat' dir='ltr'>tactis</span> 
     </span>
     <span class='ocr_line' id='line_1_8' title="bbox 209 1429 1617 1526; baseline -0.002 -22"><span class='ocrx_word' id='word_1_71' title='bbox 209 1431 347 1504; x_wconf 83' lang='lat' dir='ltr'>anobis</span> <span class='ocrx_word' id='word_1_72' title='bbox 362 1429 586 1503; x_wconf 88' lang='lat' dir='ltr'>sacrosanctis</span> <span class='ocrx_word' id='word_1_73' title='bbox 603 1429 807 1526; x_wconf 78' lang='lat' dir='ltr'>evangeliis,</span> <span class='ocrx_word' id='word_1_74' title='bbox 828 1429 924 1524; x_wconf 92' lang='lat' dir='ltr'>quod</span> <span class='ocrx_word' id='word_1_75' title='bbox 942 1429 1095 1524; x_wconf 88' lang='lat' dir='ltr'>predicta</span> <span class='ocrx_word' id='word_1_76' title='bbox 1108 1430 1223 1502; x_wconf 87' lang='lat' dir='ltr'>omnia</span> <span class='ocrx_word' id='word_1_77' title='bbox 1238 1439 1274 1502; x_wconf 91' lang='lat' dir='ltr'>et</span> <span class='ocrx_word' id='word_1_78' title='bbox 1286 1430 1423 1523; x_wconf 80' lang='lat' dir='ltr'>singula</span> <span class='ocrx_word' id='word_1_79' title='bbox 1436 1430 1617 1502; x_wconf 86' lang='lat' dir='ltr'>attendan-</span> 
     </span>
     <span class='ocr_line' id='line_1_9' title="bbox 209 1551 1620 1650; baseline -0.001 -22"><span class='ocrx_word' id='word_1_80' title='bbox 209 1566 266 1628; x_wconf 92' lang='lat' dir='ltr'>tnr</span> <span class='ocrx_word' id='word_1_81' title='bbox 283 1565 318 1628; x_wconf 90' lang='lat' dir='ltr'>et</span> <span class='ocrx_word' id='word_1_82' title='bbox 335 1555 570 1650; x_wconf 86' lang='lat' dir='ltr'>compleantur</span> <span class='ocrx_word' id='word_1_83' title='bbox 588 1551 681 1625; x_wconf 90' lang='lat' dir='ltr'>dicto</span> <span class='ocrx_word' id='word_1_84' title='bbox 695 1553 869 1626; x_wconf 87' lang='lat' dir='ltr'>communi</span> <span class='ocrx_word' id='word_1_85' title='bbox 884 1554 1055 1645; x_wconf 82' lang='lat' dir='ltr'>juramus.</span> <span class='ocrx_word' id='word_1_86' title='bbox 1072 1555 1114 1626; x_wconf 87' lang='lat' dir='ltr'>El</span> <span class='ocrx_word' id='word_1_87' title='bbox 1128 1562 1180 1626; x_wconf 91' lang='lat' dir='ltr'>est</span> <span class='ocrx_word' id='word_1_88' title='bbox 1197 1553 1377 1626; x_wconf 90' lang='lat' dir='ltr'>sciendum</span> <span class='ocrx_word' id='word_1_89' title='bbox 1396 1553 1491 1647; x_wconf 91' lang='lat' dir='ltr'>quod</span> <span class='ocrx_word' id='word_1_90' title='bbox 1508 1555 1620 1626; x_wconf 90' lang='lat' dir='ltr'>nuntii</span> 
     </span>
     <span class='ocr_line' id='line_1_10' title="bbox 212 1675 1620 1772; baseline -0.002 -20"><span class='ocrx_word' id='word_1_91' title='bbox 212 1679 343 1752; x_wconf 93' lang='lat' dir='ltr'>domini</span> <span class='ocrx_word' id='word_1_92' title='bbox 362 1679 497 1752; x_wconf 89' lang='lat' dir='ltr'>comitis</span> <span class='ocrx_word' id='word_1_93' title='bbox 513 1677 574 1772; x_wconf 90' lang='lat' dir='ltr'>qni</span> <span class='ocrx_word' id='word_1_94' title='bbox 588 1679 660 1750; x_wconf 90' lang='lat' dir='ltr'>Deo</span> <span class='ocrx_word' id='word_1_95' title='bbox 674 1687 813 1750; x_wconf 84' lang='lat' dir='ltr'>anctore</span> <span class='ocrx_word' id='word_1_96' title='bbox 826 1676 1006 1751; x_wconf 89' lang='lat' dir='ltr'>debebunt</span> <span class='ocrx_word' id='word_1_97' title='bbox 1023 1678 1073 1750; x_wconf 91' lang='lat' dir='ltr'>lre</span> <span class='ocrx_word' id='word_1_98' title='bbox 1086 1678 1133 1751; x_wconf 87' lang='lat' dir='ltr'>ud</span> <span class='ocrx_word' id='word_1_99' title='bbox 1147 1675 1436 1750; x_wconf 83' lang='lat' dir='ltr'>confirmationem</span> <span class='ocrx_word' id='word_1_100' title='bbox 1451 1677 1531 1750; x_wconf 88' lang='lat' dir='ltr'>dicti</span> <span class='ocrx_word' id='word_1_101' title='bbox 1548 1678 1620 1772; x_wconf 94' lang='lat' dir='ltr'>pri·</span> 
     </span>
     <span class='ocr_line' id='line_1_11' title="bbox 211 1800 1621 1897; baseline -0.001 -21"><span class='ocrx_word' id='word_1_102' title='bbox 211 1803 329 1897; x_wconf 79' lang='lat' dir='ltr'>vilegii</span> <span class='ocrx_word' id='word_1_103' title='bbox 357 1803 551 1876; x_wconf 84' lang='lat' dir='ltr'>laciendum</span> <span class='ocrx_word' id='word_1_104' title='bbox 576 1822 691 1875; x_wconf 88' lang='lat' dir='ltr'>coram</span> <span class='ocrx_word' id='word_1_105' title='bbox 716 1800 810 1874; x_wconf 83' lang='lat' dir='ltr'>dicto</span> <span class='ocrx_word' id='word_1_106' title='bbox 837 1800 977 1873; x_wconf 93' lang='lat' dir='ltr'>domino</span> <span class='ocrx_word' id='word_1_107' title='bbox 1003 1801 1226 1897; x_wconf 88' lang='lat' dir='ltr'>imperatore,</span> <span class='ocrx_word' id='word_1_108' title='bbox 1252 1800 1352 1872; x_wconf 92' lang='lat' dir='ltr'>ibunt</span> <span class='ocrx_word' id='word_1_109' title='bbox 1374 1800 1420 1872; x_wconf 89' lang='lat' dir='ltr'>ad</span> <span class='ocrx_word' id='word_1_110' title='bbox 1449 1823 1621 1896; x_wconf 85' lang='lat' dir='ltr'>expensas</span> 
     </span>
     <span class='ocr_line' id='line_1_12' title="bbox 212 1923 1618 2017; baseline 0.001 -17"><span class='ocrx_word' id='word_1_111' title='bbox 212 1926 405 2000; x_wconf 88' lang='lat' dir='ltr'>communis</span> <span class='ocrx_word' id='word_1_112' title='bbox 420 1925 586 2017; x_wconf 73' lang='lat' dir='ltr'>Mamilio,</span> <span class='ocrx_word' id='word_1_113' title='bbox 602 1926 738 2016; x_wconf 91' lang='lat' dir='ltr'>eundo,</span> <span class='ocrx_word' id='word_1_114' title='bbox 755 1924 935 1998; x_wconf 92' lang='lat' dir='ltr'>redeundo</span> <span class='ocrx_word' id='word_1_115' title='bbox 947 1934 980 1998; x_wconf 88' lang='lat' dir='ltr'>el</span> <span class='ocrx_word' id='word_1_116' title='bbox 993 1926 1116 2000; x_wconf 64' lang='lat' dir='ltr'>eundo</span> <span class='ocrx_word' id='word_1_117' title='bbox 1129 1927 1165 1997; x_wconf 94' lang='lat' dir='ltr'>in</span> <span class='ocrx_word' id='word_1_118' title='bbox 1177 1923 1299 1998; x_wconf 90' lang='lat' dir='ltr'>eodem</span> <span class='ocrx_word' id='word_1_119' title='bbox 1314 1925 1447 1998; x_wconf 89' lang='lat' dir='ltr'>itinere.</span> <span class='ocrx_word' id='word_1_120' title='bbox 1463 1928 1618 2001; x_wconf 88' lang='lat' dir='ltr'>Preterea</span> 
     </span>
     <span class='ocr_line' id='line_1_13' title="bbox 212 2047 1620 2144; baseline 0 -20"><span class='ocrx_word' id='word_1_121' title='bbox 212 2049 392 2124; x_wconf 88' lang='lat' dir='ltr'>sciendum</span> <span class='ocrx_word' id='word_1_122' title='bbox 409 2047 572 2144; x_wconf 90' lang='lat' dir='ltr'>estquod</span> <span class='ocrx_word' id='word_1_123' title='bbox 589 2050 704 2123; x_wconf 90' lang='lat' dir='ltr'>dictus</span> <span class='ocrx_word' id='word_1_124' title='bbox 721 2047 883 2122; x_wconf 91' lang='lat' dir='ltr'>dominus</span> <span class='ocrx_word' id='word_1_125' title='bbox 897 2071 1011 2123; x_wconf 89' lang='lat' dir='ltr'>comes</span> <span class='ocrx_word' id='word_1_126' title='bbox 1024 2071 1093 2122; x_wconf 93' lang='lat' dir='ltr'>non</span> <span class='ocrx_word' id='word_1_127' title='bbox 1106 2059 1159 2123; x_wconf 89' lang='lat' dir='ltr'>est</span> <span class='ocrx_word' id='word_1_128' title='bbox 1173 2050 1343 2144; x_wconf 80' lang='lat' dir='ltr'>obligatus</span> <span class='ocrx_word' id='word_1_129' title='bbox 1360 2072 1473 2144; x_wconf 90' lang='lat' dir='ltr'>neque</span> <span class='ocrx_word' id='word_1_130' title='bbox 1486 2059 1620 2124; x_wconf 85' lang='lat' dir='ltr'>tenetur</span> 
     </span>
     <span class='ocr_line' id='line_1_14' title="bbox 213 2172 1621 2269; baseline 0 -21"><span class='ocrx_word' id='word_1_131' title='bbox 213 2175 388 2248; x_wconf 91' lang='lat' dir='ltr'>communi</span> <span class='ocrx_word' id='word_1_132' title='bbox 406 2175 555 2246; x_wconf 89' lang='lat' dir='ltr'>Massilie</span> <span class='ocrx_word' id='word_1_133' title='bbox 570 2172 760 2246; x_wconf 88' lang='lat' dir='ltr'>deliberare</span> <span class='ocrx_word' id='word_1_134' title='bbox 782 2173 966 2269; x_wconf 87' lang='lat' dir='ltr'>predictos,</span> <span class='ocrx_word' id='word_1_135' title='bbox 987 2175 1117 2248; x_wconf 87' lang='lat' dir='ltr'>scilicet</span> <span class='ocrx_word' id='word_1_136' title='bbox 1132 2176 1269 2248; x_wconf 87' lang='lat' dir='ltr'>Petrum</span> <span class='ocrx_word' id='word_1_137' title='bbox 1286 2173 1331 2248; x_wconf 92' lang='lat' dir='ltr'>de</span> <span class='ocrx_word' id='word_1_138' title='bbox 1353 2177 1477 2248; x_wconf 85' lang='lat' dir='ltr'>Sancto</span> <span class='ocrx_word' id='word_1_139' title='bbox 1494 2176 1621 2248; x_wconf 89' lang='lat' dir='ltr'>Jacobo</span> 
     </span>
     <span class='ocr_line' id='line_1_15' title="bbox 213 2297 1622 2395; baseline -0.001 -21"><span class='ocrx_word' id='word_1_140' title='bbox 213 2309 248 2374; x_wconf 92' lang='lat' dir='ltr'>et</span> <span class='ocrx_word' id='word_1_141' title='bbox 265 2299 485 2370; x_wconf 87' lang='lat' dir='ltr'>Gnillelmum</span> <span class='ocrx_word' id='word_1_142' title='bbox 498 2297 684 2370; x_wconf 83' lang='lat' dir='ltr'>Vivaldum</span> <span class='ocrx_word' id='word_1_143' title='bbox 699 2299 871 2390; x_wconf 87' lang='lat' dir='ltr'>Tuscium,</span> <span class='ocrx_word' id='word_1_144' title='bbox 890 2299 920 2370; x_wconf 92' lang='lat' dir='ltr'>si</span> <span class='ocrx_word' id='word_1_145' title='bbox 934 2299 968 2369; x_wconf 93' lang='lat' dir='ltr'>in</span> <span class='ocrx_word' id='word_1_146' title='bbox 985 2299 1094 2393; x_wconf 88' lang='lat' dir='ltr'>ipsius</span> <span class='ocrx_word' id='word_1_147' title='bbox 1111 2299 1245 2372; x_wconf 90' lang='lat' dir='ltr'>comitis</span> <span class='ocrx_word' id='word_1_148' title='bbox 1264 2298 1483 2394; x_wconf 82' lang='lat' dir='ltr'>pervenerint</span> <span class='ocrx_word' id='word_1_149' title='bbox 1505 2309 1622 2395; x_wconf 88' lang='lat' dir='ltr'>potes-</span> 
     </span>
     <span class='ocr_line' id='line_1_16' title="bbox 214 2420 1623 2519; baseline 0.001 -23"><span class='ocrx_word' id='word_1_150' title='bbox 214 2431 338 2515; x_wconf 83' lang='lat' dir='ltr'>tatem,</span> <span class='ocrx_word' id='word_1_151' title='bbox 359 2422 389 2494; x_wconf 91' lang='lat' dir='ltr'>si</span> <span class='ocrx_word' id='word_1_152' title='bbox 408 2421 522 2495; x_wconf 90' lang='lat' dir='ltr'>dictus</span> <span class='ocrx_word' id='word_1_153' title='bbox 539 2423 723 2516; x_wconf 87' lang='lat' dir='ltr'>imperator</span> <span class='ocrx_word' id='word_1_154' title='bbox 747 2423 852 2494; x_wconf 90' lang='lat' dir='ltr'>nollet</span> <span class='ocrx_word' id='word_1_155' title='bbox 876 2422 1078 2496; x_wconf 88' lang='lat' dir='ltr'>confirmare</span> <span class='ocrx_word' id='word_1_156' title='bbox 1103 2420 1234 2495; x_wconf 90' lang='lat' dir='ltr'>dictum</span> <span class='ocrx_word' id='word_1_157' title='bbox 1260 2423 1477 2517; x_wconf 80' lang='lat' dir='ltr'>privilegium</span> <span class='ocrx_word' id='word_1_158' title='bbox 1495 2435 1530 2496; x_wconf 93' lang='lat' dir='ltr'>et</span> <span class='ocrx_word' id='word_1_159' title='bbox 1546 2447 1623 2519; x_wconf 89' lang='lat' dir='ltr'>prc-</span> 
     </span>
     <span class='ocr_line' id='line_1_17' title="bbox 216 2545 1625 2642; baseline 0.002 -22"><span class='ocrx_word' id='word_1_160' title='bbox 216 2546 308 2620; x_wconf 86' lang='lat' dir='ltr'>dicta</span> <span class='ocrx_word' id='word_1_161' title='bbox 332 2546 460 2619; x_wconf 89' lang='lat' dir='ltr'>omnia.</span> <span class='ocrx_word' id='word_1_162' title='bbox 476 2547 633 2620; x_wconf 88' lang='lat' dir='ltr'>Preterea</span> <span class='ocrx_word' id='word_1_163' title='bbox 660 2547 839 2620; x_wconf 89' lang='lat' dir='ltr'>sciendum</span> <span class='ocrx_word' id='word_1_164' title='bbox 863 2557 915 2619; x_wconf 91' lang='lat' dir='ltr'>est</span> <span class='ocrx_word' id='word_1_165' title='bbox 940 2549 1036 2642; x_wconf 91' lang='lat' dir='ltr'>quod</span> <span class='ocrx_word' id='word_1_166' title='bbox 1055 2547 1249 2621; x_wconf 89' lang='lat' dir='ltr'>deliberatis</span> <span class='ocrx_word' id='word_1_167' title='bbox 1271 2545 1432 2642; x_wconf 84' lang='lat' dir='ltr'>predictis</span> <span class='ocrx_word' id='word_1_168' title='bbox 1458 2548 1557 2622; x_wconf 89' lang='lat' dir='ltr'>Petro</span> <span class='ocrx_word' id='word_1_169' title='bbox 1580 2549 1625 2623; x_wconf 92' lang='lat' dir='ltr'>de</span> 
     </span>
     <span class='ocr_line' id='line_1_18' title="bbox 215 2670 1625 2762; baseline 0.001 -18"><span class='ocrx_word' id='word_1_170' title='bbox 215 2671 339 2744; x_wconf 85' lang='lat' dir='ltr'>Sancto</span> <span class='ocrx_word' id='word_1_171' title='bbox 351 2671 478 2742; x_wconf 85' lang='lat' dir='ltr'>Iacobo</span> <span class='ocrx_word' id='word_1_172' title='bbox 492 2679 526 2744; x_wconf 87' lang='lat' dir='ltr'>et</span> <span class='ocrx_word' id='word_1_173' title='bbox 538 2670 719 2742; x_wconf 90' lang='lat' dir='ltr'>Guillelmo</span> <span class='ocrx_word' id='word_1_174' title='bbox 734 2670 882 2744; x_wconf 87' lang='lat' dir='ltr'>Vivaldo</span> <span class='ocrx_word' id='word_1_175' title='bbox 895 2673 1016 2744; x_wconf 89' lang='lat' dir='ltr'>Toselo</span> <span class='ocrx_word' id='word_1_176' title='bbox 1028 2693 1050 2744; x_wconf 89' lang='lat' dir='ltr'>a</span> <span class='ocrx_word' id='word_1_177' title='bbox 1062 2671 1201 2744; x_wconf 91' lang='lat' dir='ltr'>vinculo</span> <span class='ocrx_word' id='word_1_178' title='bbox 1213 2692 1402 2762; x_wconf 88' lang='lat' dir='ltr'>carcerum,</span> <span class='ocrx_word' id='word_1_179' title='bbox 1420 2671 1548 2746; x_wconf 88' lang='lat' dir='ltr'>debent</span> <span class='ocrx_word' id='word_1_180' title='bbox 1565 2695 1625 2746; x_wconf 85' lang='lat' dir='ltr'>ex·</span> 
     </span>
     <span class='ocr_line' id='line_1_19' title="bbox 214 2794 1625 2892; baseline 0.003 -26"><span class='ocrx_word' id='word_1_181' title='bbox 214 2794 326 2891; x_wconf 89' lang='lat' dir='ltr'>podiri</span> <span class='ocrx_word' id='word_1_182' title='bbox 347 2795 455 2868; x_wconf 91' lang='lat' dir='ltr'>libore</span> <span class='ocrx_word' id='word_1_183' title='bbox 470 2804 504 2868; x_wconf 87' lang='lat' dir='ltr'>el</span> <span class='ocrx_word' id='word_1_184' title='bbox 517 2795 633 2890; x_wconf 87' lang='lat' dir='ltr'>quiete</span> <span class='ocrx_word' id='word_1_185' title='bbox 646 2817 666 2866; x_wconf 90' lang='lat' dir='ltr'>a</span> <span class='ocrx_word' id='word_1_186' title='bbox 681 2795 874 2867; x_wconf 80' lang='lat' dir='ltr'>carceribus</span> <span class='ocrx_word' id='word_1_187' title='bbox 888 2817 950 2890; x_wconf 90' lang='lat' dir='ltr'>per</span> <span class='ocrx_word' id='word_1_188' title='bbox 962 2816 1144 2868; x_wconf 90' lang='lat' dir='ltr'>commuue</span> <span class='ocrx_word' id='word_1_189' title='bbox 1157 2794 1306 2867; x_wconf 85' lang='lat' dir='ltr'>Massilie</span> <span class='ocrx_word' id='word_1_190' title='bbox 1318 2795 1494 2868; x_wconf 85' lang='lat' dir='ltr'>Rolendus</span> <span class='ocrx_word' id='word_1_191' title='bbox 1507 2799 1625 2892; x_wconf 89' lang='lat' dir='ltr'>Lupus</span> 
     </span>
     <span class='ocr_line' id='line_1_20' title="bbox 216 2917 1546 3014; baseline -0.002 -22"><span class='ocrx_word' id='word_1_192' title='bbox 216 2929 250 2992; x_wconf 87' lang='lat' dir='ltr'>ct</span> <span class='ocrx_word' id='word_1_193' title='bbox 264 2919 473 2992; x_wconf 82' lang='lat' dir='ltr'>Alberlonus</span> <span class='ocrx_word' id='word_1_194' title='bbox 488 2919 534 2992; x_wconf 80' lang='lat' dir='ltr'>d&#39;e</span> <span class='ocrx_word' id='word_1_195' title='bbox 551 2917 739 3009; x_wconf 86' lang='lat' dir='ltr'>Phariseis,</span> <span class='ocrx_word' id='word_1_196' title='bbox 758 2918 819 3012; x_wconf 91' lang='lat' dir='ltr'>qui</span> <span class='ocrx_word' id='word_1_197' title='bbox 837 2918 1034 2991; x_wconf 75' lang='lat' dir='ltr'>detinentur</span> <span class='ocrx_word' id='word_1_198' title='bbox 1052 2919 1142 3014; x_wconf 88' lang='lat' dir='ltr'>capti</span> <span class='ocrx_word' id='word_1_199' title='bbox 1158 2940 1180 2991; x_wconf 83' lang='lat' dir='ltr'>a</span> <span class='ocrx_word' id='word_1_200' title='bbox 1198 2918 1372 2990; x_wconf 90' lang='lat' dir='ltr'>communi</span> <span class='ocrx_word' id='word_1_201' title='bbox 1387 2918 1546 2992; x_wconf 85' lang='lat' dir='ltr'>Massilie.</span> 
     </span>
    </p>

    <p class='ocr_par' dir='ltr' id='par_1_3' title="bbox 214 3039 1623 3760">
     <span class='ocr_line' id='line_1_21' title="bbox 262 3039 1623 3138; baseline -0.001 -23"><span class='ocrx_word' id='word_1_202' title='bbox 262 3043 388 3115; x_wconf 85' lang='lat' dir='ltr'>Actum</span> <span class='ocrx_word' id='word_1_203' title='bbox 408 3043 443 3114; x_wconf 92' lang='lat' dir='ltr'>iu</span> <span class='ocrx_word' id='word_1_204' title='bbox 463 3043 600 3116; x_wconf 86' lang='lat' dir='ltr'>civilate</span> <span class='ocrx_word' id='word_1_205' title='bbox 617 3040 764 3136; x_wconf 75' lang='lat' dir='ltr'>lllbdiga</span> <span class='ocrx_word' id='word_1_206' title='bbox 783 3039 853 3138; x_wconf 87' lang='lat' dir='ltr'>(l),</span> <span class='ocrx_word' id='word_1_207' title='bbox 873 3063 964 3114; x_wconf 90' lang='lat' dir='ltr'>anno</span> <span class='ocrx_word' id='word_1_208' title='bbox 978 3040 1167 3115; x_wconf 85' lang='lat' dir='ltr'>nativitatis</span> <span class='ocrx_word' id='word_1_209' title='bbox 1184 3043 1318 3116; x_wconf 91' lang='lat' dir='ltr'>Domini</span> <span class='ocrx_word' id='word_1_210' title='bbox 1337 3042 1547 3134; x_wconf 84' lang='lat' dir='ltr'>MCCXXVI,</span> <span class='ocrx_word' id='word_1_211' title='bbox 1569 3045 1623 3116; x_wconf 94' lang='lat' dir='ltr'>in·</span> 
     </span>
     <span class='ocr_line' id='line_1_22' title="bbox 217 3164 1622 3260; baseline 0.001 -21"><span class='ocrx_word' id='word_1_212' title='bbox 217 3165 368 3239; x_wconf 89' lang='lat' dir='ltr'>dictione</span> <span class='ocrx_word' id='word_1_213' title='bbox 389 3167 496 3257; x_wconf 78' lang='lat' dir='ltr'>XlV‘,</span> <span class='ocrx_word' id='word_1_214' title='bbox 518 3164 577 3238; x_wconf 90' lang='lat' dir='ltr'>die</span> <span class='ocrx_word' id='word_1_215' title='bbox 597 3165 686 3238; x_wconf 85' lang='lat' dir='ltr'>Vlll⁰</span> <span class='ocrx_word' id='word_1_216' title='bbox 708 3166 838 3238; x_wconf 90' lang='lat' dir='ltr'>mensis</span> <span class='ocrx_word' id='word_1_217' title='bbox 864 3166 1075 3239; x_wconf 89' lang='lat' dir='ltr'>novembris.</span> <span class='ocrx_word' id='word_1_218' title='bbox 1098 3168 1215 3240; x_wconf 87' lang='lat' dir='ltr'>Testes</span> <span class='ocrx_word' id='word_1_219' title='bbox 1234 3167 1404 3260; x_wconf 80' lang='lat' dir='ltr'>AEglerius</span> <span class='ocrx_word' id='word_1_220' title='bbox 1429 3167 1473 3240; x_wconf 92' lang='lat' dir='ltr'>de</span> <span class='ocrx_word' id='word_1_221' title='bbox 1497 3168 1622 3242; x_wconf 85' lang='lat' dir='ltr'>Marte·</span> 
     </span>
     <span class='ocr_line' id='line_1_23' title="bbox 217 3269 1620 3382; baseline 0.001 -20"><span class='ocrx_word' id='word_1_222' title='bbox 217 3290 345 3364; x_wconf 89' lang='lat' dir='ltr'>nascbo</span> <span class='ocrx_word' id='word_1_223' title='bbox 365 3290 453 3362; x_wconf 89' lang='lat' dir='ltr'>civis</span> <span class='ocrx_word' id='word_1_224' title='bbox 475 3288 652 3381; x_wconf 74' lang='lat' dir='ltr'>albensis,</span> <span class='ocrx_word' id='word_1_225' title='bbox 674 3290 858 3363; x_wconf 88' lang='lat' dir='ltr'>Auselmus</span> <span class='ocrx_word' id='word_1_226' title='bbox 876 3269 975 3364; x_wconf 87' lang='lat' dir='ltr'>Ferri</span> <span class='ocrx_word' id='word_1_227' title='bbox 989 3291 1034 3364; x_wconf 88' lang='lat' dir='ltr'>de</span> <span class='ocrx_word' id='word_1_228' title='bbox 1057 3290 1227 3382; x_wconf 85' lang='lat' dir='ltr'>Massilia,</span> <span class='ocrx_word' id='word_1_229' title='bbox 1246 3291 1455 3366; x_wconf 83' lang='lat' dir='ltr'>bertrandus</span> <span class='ocrx_word' id='word_1_230' title='bbox 1473 3291 1620 3379; x_wconf 83' lang='lat' dir='ltr'>Sardos,</span> 
     </span>
     <span class='ocr_line' id='line_1_24' title="bbox 214 3413 1622 3506; baseline 0.002 -19"><span class='ocrx_word' id='word_1_231' title='bbox 214 3415 335 3487; x_wconf 87' lang='lat' dir='ltr'>Petrus</span> <span class='ocrx_word' id='word_1_232' title='bbox 348 3415 513 3506; x_wconf 79' lang='lat' dir='ltr'>vetulus,</span> <span class='ocrx_word' id='word_1_233' title='bbox 527 3414 695 3489; x_wconf 83' lang='lat' dir='ltr'>Martinus</span> <span class='ocrx_word' id='word_1_234' title='bbox 713 3415 877 3489; x_wconf 79' lang='lat' dir='ltr'>Castanea</span> <span class='ocrx_word' id='word_1_235' title='bbox 893 3413 1046 3506; x_wconf 86' lang='lat' dir='ltr'>Amator,</span> <span class='ocrx_word' id='word_1_236' title='bbox 1064 3413 1265 3490; x_wconf 90' lang='lat' dir='ltr'>Guillelmus</span> <span class='ocrx_word' id='word_1_237' title='bbox 1284 3414 1329 3488; x_wconf 93' lang='lat' dir='ltr'>de</span> <span class='ocrx_word' id='word_1_238' title='bbox 1345 3415 1522 3490; x_wconf 86' lang='lat' dir='ltr'>Rivotorio</span> <span class='ocrx_word' id='word_1_239' title='bbox 1535 3416 1622 3490; x_wconf 88' lang='lat' dir='ltr'>civis</span> 
     </span>
     <span class='ocr_line' id='line_1_25' title="bbox 214 3537 1622 3636; baseline 0.003 -26"><span class='ocrx_word' id='word_1_240' title='bbox 214 3537 397 3612; x_wconf 83' lang='lat' dir='ltr'>Placentia.</span> <span class='ocrx_word' id='word_1_241' title='bbox 421 3539 467 3610; x_wconf 84' lang='lat' dir='ltr'>Et</span> <span class='ocrx_word' id='word_1_242' title='bbox 481 3559 548 3632; x_wconf 79' lang='lat' dir='ltr'>ego</span> <span class='ocrx_word' id='word_1_243' title='bbox 564 3539 767 3612; x_wconf 86' lang='lat' dir='ltr'>Gnillclmus</span> <span class='ocrx_word' id='word_1_244' title='bbox 782 3538 1020 3629; x_wconf 87' lang='lat' dir='ltr'>blarrazanns,</span> <span class='ocrx_word' id='word_1_245' title='bbox 1042 3540 1197 3614; x_wconf 87' lang='lat' dir='ltr'>notarius</span> <span class='ocrx_word' id='word_1_246' title='bbox 1214 3540 1301 3614; x_wconf 86' lang='lat' dir='ltr'>sacri</span> <span class='ocrx_word' id='word_1_247' title='bbox 1322 3541 1459 3636; x_wconf 87' lang='lat' dir='ltr'>palatii,</span> <span class='ocrx_word' id='word_1_248' title='bbox 1483 3551 1622 3636; x_wconf 80' lang='lat' dir='ltr'>rogatus</span> 
     </span>
     <span class='ocr_line' id='line_1_26' title="bbox 215 3662 1095 3760; baseline -0.001 -25"><span class='ocrx_word' id='word_1_249' title='bbox 215 3662 307 3736; x_wconf 89' lang='lat' dir='ltr'>hauc</span> <span class='ocrx_word' id='word_1_250' title='bbox 324 3664 488 3738; x_wconf 74' lang='lat' dir='ltr'>cadulum</span> <span class='ocrx_word' id='word_1_251' title='bbox 505 3665 626 3760; x_wconf 89' lang='lat' dir='ltr'>scripsi</span> <span class='ocrx_word' id='word_1_252' title='bbox 644 3673 679 3738; x_wconf 90' lang='lat' dir='ltr'>et</span> <span class='ocrx_word' id='word_1_253' title='bbox 694 3663 750 3736; x_wconf 91' lang='lat' dir='ltr'>bis</span> <span class='ocrx_word' id='word_1_254' title='bbox 766 3664 928 3736; x_wconf 88' lang='lat' dir='ltr'>omnibus</span> <span class='ocrx_word' id='word_1_255' title='bbox 942 3663 1095 3736; x_wconf 84' lang='lat' dir='ltr'>interlui.</span> 
     </span>
    </p>
   </div>
   <div class='ocr_carea' id='block_1_3' title="bbox 216 4111 1801 4492">
    <p class='ocr_par' dir='ltr' id='par_1_4' title="bbox 216 4111 1801 4492">
     <span class='ocr_line' id='line_1_27' title="bbox 268 4111 1801 4246; baseline 0.005 -50"><span class='ocrx_word' id='word_1_256' title='bbox 268 4111 495 4220; x_wconf 60' lang='lat' dir='ltr'>Fridericus</span> <span class='ocrx_word' id='word_1_257' title='bbox 515 4111 774 4198; x_wconf 84' lang='lat' dir='ltr'>Romanorum</span> <span class='ocrx_word' id='word_1_258' title='bbox 796 4117 1014 4224; x_wconf 85' lang='lat' dir='ltr'>imperator,</span> <span class='ocrx_word' id='word_1_259' title='bbox 1036 4117 1309 4200; x_wconf 88' lang='lat' dir='ltr'>monesterium</span> <span class='ocrx_word' id='word_1_260' title='bbox 1328 4117 1455 4200; x_wconf 86' lang='lat' dir='ltr'>Sancti</span> <span class='ocrx_word' id='word_1_261' title='bbox 1471 4117 1625 4202; x_wconf 87' lang='lat' dir='ltr'>Emme-</span> <span class='ocrx_word' id='word_1_262' title='bbox 1680 4147 1801 4246; x_wconf 31' lang='lat' dir='ltr'>puppe&amp;</span> 
     </span>
     <span class='ocr_line' id='line_1_28' title="bbox 216 4246 1625 4362; baseline 0.003 -32"><span class='ocrx_word' id='word_1_263' title='bbox 216 4246 316 4330; x_wconf 90' lang='lat' dir='ltr'>rami</span> <span class='ocrx_word' id='word_1_264' title='bbox 334 4248 437 4356; x_wconf 85' lang='lat' dir='ltr'>apud</span> <span class='ocrx_word' id='word_1_265' title='bbox 453 4247 713 4357; x_wconf 86' lang='lat' dir='ltr'>Rutisponem,</span> <span class='ocrx_word' id='word_1_266' title='bbox 729 4275 817 4332; x_wconf 89' lang='lat' dir='ltr'>cum</span> <span class='ocrx_word' id='word_1_267' title='bbox 835 4249 1014 4334; x_wconf 90' lang='lat' dir='ltr'>omnibus</span> <span class='ocrx_word' id='word_1_268' title='bbox 1030 4250 1334 4360; x_wconf 90' lang='lat' dir='ltr'>possessionibus</span> <span class='ocrx_word' id='word_1_269' title='bbox 1352 4249 1450 4360; x_wconf 89' lang='lat' dir='ltr'>ejus,</span> <span class='ocrx_word' id='word_1_270' title='bbox 1470 4251 1508 4333; x_wconf 92' lang='lat' dir='ltr'>in</span> <span class='ocrx_word' id='word_1_271' title='bbox 1529 4277 1625 4362; x_wconf 88' lang='lat' dir='ltr'>sps-</span> 
     </span>
     <span class='ocr_line' id='line_1_29' title="bbox 219 4379 930 4492; baseline 0.006 -31"><span class='ocrx_word' id='word_1_272' title='bbox 219 4379 355 4464; x_wconf 89' lang='lat' dir='ltr'>cinlem</span> <span class='ocrx_word' id='word_1_273' title='bbox 372 4407 482 4464; x_wconf 87' lang='lat' dir='ltr'>suam</span> <span class='ocrx_word' id='word_1_274' title='bbox 499 4381 631 4491; x_wconf 92' lang='lat' dir='ltr'>recipit</span> <span class='ocrx_word' id='word_1_275' title='bbox 648 4383 930 4492; x_wconf 86' lang='lat' dir='ltr'>protectionem.</span> 
     </span>
    </p>
   </div>
   <div class='ocr_carea' id='block_1_4' title="bbox 223 4591 1630 4859">
    <p class='ocr_par' dir='ltr' id='par_1_5' title="bbox 223 4591 1630 4859">
     <span class='ocr_line' id='line_1_30' title="bbox 257 4591 1630 4675; baseline 0.007 -27"><span class='ocrx_word' id='word_1_276' title='bbox 257 4591 293 4667; x_wconf 82' lang='lat' dir='ltr'>(l)</span> <span class='ocrx_word' id='word_1_277' title='bbox 309 4593 632 4670; x_wconf 75' lang='lat' dir='ltr'>Verisimibterllbenpo‚</span> <span class='ocrx_word' id='word_1_278' title='bbox 642 4597 670 4654; x_wconf 94' lang='lat' dir='ltr'>in</span> <span class='ocrx_word' id='word_1_279' title='bbox 682 4597 740 4674; x_wconf 85' lang='lat' dir='ltr'>ripa</span> <span class='ocrx_word' id='word_1_280' title='bbox 751 4597 884 4658; x_wconf 85' lang='lat' dir='ltr'>maritima</span> <span class='ocrx_word' id='word_1_281' title='bbox 893 4598 1035 4658; x_wconf 84' lang='lat' dir='ltr'>Junuensis</span> <span class='ocrx_word' id='word_1_282' title='bbox 1046 4597 1130 4657; x_wconf 80' lang='lat' dir='ltr'>sinus</span> <span class='ocrx_word' id='word_1_283' title='bbox 1141 4597 1249 4672; x_wconf 81' lang='lat' dir='ltr'>Legitur</span> <span class='ocrx_word' id='word_1_284' title='bbox 1259 4614 1304 4673; x_wconf 89' lang='lat' dir='ltr'>ap.</span> <span class='ocrx_word' id='word_1_285' title='bbox 1314 4598 1391 4675; x_wconf 79' lang='lat' dir='ltr'>blery</span> <span class='ocrx_word' id='word_1_286' title='bbox 1399 4598 1509 4671; x_wconf 80' lang='lat' dir='ltr'>Albelis,</span> <span class='ocrx_word' id='word_1_287' title='bbox 1520 4599 1630 4658; x_wconf 84' lang='lat' dir='ltr'>lorsitan</span> 
     </span>
     <span class='ocr_line' id='line_1_31' title="bbox 223 4688 649 4761; baseline 0.012 -14"><span class='ocrx_word' id='word_1_288' title='bbox 223 4688 348 4761; x_wconf 73' lang='lat' dir='ltr'>libonio,</span> <span class='ocrx_word' id='word_1_289' title='bbox 359 4690 458 4750; x_wconf 74' lang='lat' dir='ltr'>loeo</span> <span class='ocrx_word' id='word_1_290' title='bbox 471 4692 649 4752; x_wconf 82' lang='lat' dir='ltr'>inSabuudia.</span> 
     </span>
     <span class='ocr_line' id='line_1_32' title="bbox 323 4791 1475 4859; baseline 0.004 -5"><span class='ocrx_word' id='word_1_291' title='bbox 323 4791 467 4854; x_wconf 76' lang='lat' dir='ltr'>11.sz</span> <span class='ocrx_word' id='word_1_292' title='bbox 1422 4799 1475 4859; x_wconf 74' lang='lat'>87&#39;</span> 
     </span>
    </p>
   </div>
   <div class='ocr_carea' id='block_1_5' title="bbox 0 0 2194 5908">
    <p class='ocr_par' dir='ltr' id='par_1_6' title="bbox 0 0 2194 5908">
     <span class='ocr_line' id='line_1_33' title="bbox 0 0 2194 5908; baseline 0 0"><span class='ocrx_word' id='word_1_293' title='bbox 0 0 2194 5908; x_wconf 95' lang='lat' dir='ltr'> </span> 
     </span>
    </p>
   </div>
  </div>
 </body>
</html>
