4324 5916
578 624 1277 854 noorrarrnnrn

725 1015 773 1073 Al)
790 1015 969 1074 sttcttttcntt
986 1017 1123 1074 enatent

425 1251 816 1360 Htst'otttalt
860 1251 1415 1360 DIPLOMATICAE.

705 1604 1149 1636 *aaa

275 1931 506 2038 FridericuS,
535 1931 794 2015 Romanorum
817 1928 1036 2039 imperator,
1064 1941 1220 2014 renovat
1242 1941 1280 2016 et
1301 1932 1501 2016 confirmet
1517 1957 1633 2015 com-
1666 1967 1830 2071 {iiiiii

221 2067 400 2150 munitoti
420 2065 569 2150 Astensi
588 2064 827 2174 privilegium
850 2065 955 2174 quod
980 2064 1062 2172 ipse
1078 2075 1247 2173 tempore
1264 2065 1373 2174 regni
1391 2065 1474 2172 sui,
1494 2065 1636 2149 scilioeg
1670 2073 1827 2170 agema·

222 2225 325 2284 enno
346 2200 464 2303 tete,
485 2196 839 2296 mensct'ebruerio‚
858 2195 940 2306 jam
962 2197 1086 2280 eidem
1103 2207 1351 2281 concesserat.
1718 2179 1778 2222 mo.

306 2415 398 2494 (llilt.
414 2431 462 2492 op.
477 2415 544 2475 lec.
564 2415 724 2488 Dnatnnr,
744 2411 835 2494 Sagg.
852 2407 929 2472 relic
947 2409 1011 2494 lego
1030 2411 1210 2488 lombarda,
1224 2431 1255 2492 p.
1278 2423 1332 2490 to,
1356 2430 1405 2492 cp.
1426 2413 1548 2476 Memor.
1569 2409 1637 2476 dett·

343 2518 472 2582 amem.
484 2517 517 2580 di
533 2521 649 2594 Tcriuo,
660 2527 683 2583 t.
696 2519 765 2594 XL3
778 2519 858 2580 unde
870 2517 986 2596 plenius
999 2522 1137 2582 instructi
1146 2537 1225 2582 nunc
1238 2520 1277 2582 etl
1289 2523 1438 2602 integrum
1451 2522 1636 2584 exhibemus.

343 2628 411 2690 Vltl.
427 2645 534 2706 snpra,
549 2645 581 2706 p.
597 2627 659 2704 et.)

275 2817 315 2891 ln
335 2817 475 2890 nomine
491 2824 609 2890 sancte
624 2825 658 2889 et
681 2815 865 2890 individue
884 2814 1070 2888 Trinitatis.
1090 2812 1285 2888 Fridericns
1304 2815 1334 2886 ll
1357 2814 1478 2888 divine
1503 2815 1641 2890 favente

227 2939 409 3014 clementia
429 2941 662 3014 Romanorum
683 2941 880 3036 imperator,
907 2961 1040 3035 semper
1064 2947 1233 3033 augustus
1255 2949 1290 3014 et
1312 2961 1375 3015 rex
1398 2939 1526 3016 Sicilie.
1549 2941 1643 3015 Con-

228 3065 342 3142 suevit
358 3065 545 3163 imperialis
564 3067 825 3164 circumspectio
842 3065 1000 3144 fidelium
1014 3087 1156 3140 suorum
1169 3065 1271 3156 justis
1284 3065 1375 3137 rotis
1389 3065 1523 3138 facilem
1538 3074 1643 3161 atque

227 3191 416 3286 benignum
432 3191 513 3276 ,suis
534 3191 620 3266 locis
642 3193 786 3289 prebere
803 3213 1001 3282 assensum,
1016 3201 1052 3266 ct
1068 3191 1105 3264 in
1121 3189 1177 3263 his
1199 3211 1268 3285 qne
1284 3188 1494 3284 jamdudum
1509 3213 1530 3264 tt
1548 3191 1644 3284 regia

229 3315 452 3390 obtinuerunt
465 3315 714 3410 munificentia,
736 3317 923 3413 imperialis
945 3315 1214 3390 confirmationis
1228 3314 1384 3388 obtinere
1400 3313 1639 3411 patrocinium.

230 3440 341 3532 llojtrs
356 3440 463 3536 igitur
484 3442 610 3537 pagine
636 3441 833 3516 testimonio
856 3440 903 3516 ad
927 3441 1083 3516 notitiam
1101 3439 1312 3535 presentium
1330 3449 1435 3535 etque
1450 3441 1497 3514 ad
1514 3462 1643 3515 momo-

229 3565 317 3638 riam
335 3565 501 3640 devenire
521 3567 684 3638 volumus
699 3568 891 3640 futurorum
905 3565 1002 3661 qnod
1020 3585 1084 3638 nos
1100 3563 1251 3638 uberiori
1268 3563 1508 3638 benevolentia
1528 3563 1644 3660 respi-

230 3689 357 3762 cientes
376 3689 593 3782 fidelitatem,
616 3690 833 3764 devotionem
857 3711 991 3764 necnon
1014 3698 1113 3783 grata
1135 3697 1240 3783 atque
1259 3687 1400 3762 assidua
1424 3687 1563 3762 servitia
1584 3687 1644 3762 di·

232 3814 310 3886 lecti
321 3813 798 3907 nobiscommnnisAstensis‚
808 3815 1000 3912 qneipsum
1010 3835 1196 3888 commune
1206 3813 1350 3909 imperio
1358 3835 1494 3909 semper
1502 3814 1643 3886 exibere

232 3939 429 4030 consuevit,
451 3937 607 4012 decerta
624 3939 769 4013 scientia
785 3961 993 4012 renovamus
1015 3947 1121 4032 atquc
1141 3935 1383 4011 confirmamus
1404 3936 1518 4011 eidem
1542 3958 1643 4010 com-

233 4062 330 4133 muni
361 4061 583 4158 privilegium
615 4064 711 4158 quod
741 4085 805 4137 nos
836 4073 988 4158 tempore
1013 4061 1158 4136 Romani
1185 4061 1285 4154 regni
1314 4061 1440 4154 nostri,
1473 4060 1517 4134 de
1545 4061 1644 4134 solita

233 4185 453 4286 benignitatis
468 4200 582 4260 nostre
601 4187 726 4281 gratie,
746 4189 901 4260 conlerre
918 4186 1052 4280 dignati
1073 4208 1214 4278 sumus;
1233 4185 1347 4260 cidem
1365 4185 1539 4260 communi
1555 4207 1646 4259 con-

234 4307 416 4400 cedentes,
443 4309 629 4402 donantes,
656 4311 840 4407 largientes
862 4321 966 4407 atquc
988 4319 1271 4406 recognoscentes
1289 4309 1356 4406 ipsi
1379 4309 1553 4383 communi
1575 4321 1645 4384 tam

182 4419 185 4424 ’
235 4431 271 4503 in
289 4434 409 4506 castris
425 4443 459 4507 et
473 4435 567 4508 villis
577 4457 684 4530 qaam
698 4436 733 4506 in
749 4437 968 4509 comitatibus
981 4457 1042 4509 sen
1053 4433 1355 4530 jurisdictionibus
1369 4445 1473 4530 atque
1483 4435 1646 4510 omnibus

235 4557 313 4629 aliis
326 4558 464 4652 juribus
485 4569 520 4632 et
537 4559 747 4650 honoribus,
765 4570 849 4633 tunc
865 4537 1031 4657 temporis
1047 4562 1103 4634 vcl
1119 4559 1224 4634 modo
1244 4583 1306 4657 per
1327 4561 1441 4656 ipsum
1462 4581 1646 4636 commune

235 4681 395 4775 detentis,
411 4685 527 4758 omnia
541 4706 611 4780 que
625 4685 661 4756 in
676 4685 752 4781 ipso
770 4686 952 4783 privilegio
971 4687 1053 4760 inde
1072 4687 1104 4760 ei
1121 4709 1143 4760 a
1162 4686 1262 4760 nobis
1279 4686 1415 4762 indulto
1428 4689 1647 4763 eontinentur

337 4808 473 4870 term.
1433 4821 1489 4876 tte
