4326 5910
187 584 286 649 lenter.
306 578 366 666 ll.]
638 581 833 643 HISTORIA
861 579 1151 642 ntenottttltcn.
1538 577 1597 640 769

188 717 400 796 serenissimi
421 716 529 813 patris
549 719 656 790 nostri
673 727 708 792 et
731 727 985 794 antecessomm
1007 727 1201 794 nostrornm
1221 715 1441 790 donationem
1467 715 1597 789 oonlir-

189 865 284 920 mam
306 852 342 915 et
364 840 517 915 stabilire
543 840 738 937 cupientes,
764 851 800 916 et
820 865 865 916 ne
887 843 1035 939 amplius
1060 843 1160 916 nobis
1184 841 1400 938 querimonia
1423 841 1598 915 deleratur

189 989 296 1064 super
315 964 455 1053 eodem,
479 973 514 1036 et
535 963 630 1036 utin
649 973 822 1059 posterum
848 965 1048 1039 inviolabile
1061 967 1106 1038 sit
1120 975 1155 1038 et
1170 965 1305 1038 firmum
1323 965 1505 1053 consistat,
1528 985 1596 1037 vo-

190 1093 308 1166 lumus
323 1099 363 1162 nt
384 1099 440 1178 tn,
463 1087 632 1162 advocate
653 1087 894 1181 Gnslariensis,
916 1113 1056 1163 censum
1072 1089 1234 1163 eumdem
1257 1089 1403 1184 singulis
1422 1087 1522 1160 annis
1539 1087 1597 1161 dic

191 1224 319 1290 statuto
335 1235 416 1288 oum
436 1212 600 1286 ministris
621 1214 764 1287 ecclesie
784 1215 899 1310 colligi
923 1216 1028 1288 facias
1052 1235 1203 1308 cumque
1226 1214 1369 1287 ecclesie
1389 1209 1599 1304 integraliter

192 1349 421 1438 representes,
441 1346 660 1412 contumaces
675 1347 710 1412 ct
727 1340 920 1435 aliquorum
937 1339 1072 1413 dierum
1089 1339 1165 1436 (sic)
1185 1338 1378 1413 detentores
1395 1339 1600 1414 authoritate

194 1466 404 1540 serenissimi
425 1465 533 1562 petris
553 1465 659 1538 nostri
684 1475 718 1539 et
741 1475 857 1540 nostra
874 1467 941 1539 snb
959 1487 1047 1562 pena
1064 1465 1246 1556 sexaginte
1260 1461 1450 1537 solidorum
1467 1465 1601 1538 solvere

195 1589 444 1686 compellendo.

238 1717 369 1790 ilatum
385 1715 480 1813 apud
495 1715 703 1806 Northusen,
722 1715 830 1787 XVlll
845 1713 1011 1788 kalendas
1027 1713 1242 1811 septembris,
1260 1713 1450 1788 indictione
1464 1713 1525 1786 Xl.

252 2322 460 2428 Henricus,
480 2321 742 2406 Romanorum
759 2347 849 2428 rex,
870 2321 1100 2404 monasterio
1117 2319 1166 2402 de
1184 2318 1454 2403 Volkoldemlh
1472 2320 1611 2404 confir-
1637 2349 1818 2462 mgb-33·

198 2466 281 2538 mat
293 2453 761 2538 traditionem-molendini
776 2455 817 2536 in
835 2454 993 2536 burricb
1012 2455 1046 2537 ei
1064 2451 1136 2537 sub
1155 2479 1285 2537 annuo
1302 2479 1418 2536 censu
1433 2453 1611 2538 lactama

199 2588 369 2674 Swikero
392 2599 430 2671 et
457 2588 631 2671 Conrado
657 2589 706 2670 de
731 2587 957 2671 Mulhausen
979 2586 1289 2670 ministerialibus
1317 2587 1484 2696 imperii,
1509 2587 1611 2672 idem

201 2721 252 2805 ab
278 2721 384 2806 omni
407 2721 494 2834 jure
519 2723 725 2807 exactionis
752 2733 790 2807 et
821 2723 999 2808 collectae
1030 2721 1179 2828 eximit,
1204 2721 1314 2831 eique
1344 2719 1446 2804 bona
1471 2721 1612 2806 civitati

199 2855 427 2942 Mulbausen
447 2855 658 2968 adjacentia
675 2883 774 2970 quae
790 2857 958 2968 possidet
976 2884 1043 2940 seu
1062 2855 1217 2968 adipisci
1235 2855 1372 2966 poterit
1395 2855 1608 2939 confirmat.

285 3071 421 3147 (Edtder.
436 3071 613 3139 smerrom
626 3078 658 3136 et
669 3074 820 3149 mesro,
834 3069 1006 3154 diplomat,
1020 3079 1041 3135 t
1062 3074 1096 3148 1,
1115 3089 1146 3152 p.
1163 3081 1240 3148 '1573
1254 3072 1323 3135 coll.
1337 3087 1407 3134 oum
1426 3071 1562 3152 orlglnall
1580 3072 1614 3133 ln

323 3179 403 3242 oreb.
418 3179 596 3256 Dretdensl,
611 3179 692 3242 unde
709 3180 818 3259 pendet
835 3181 966 3260 sigillum
985 3197 1114 3246 nereum.
1132 3179 1178 3245 Gi.
1197 3179 1383 3260 prlvllcgtnm
1400 3179 1542 3242 Frldericl
1561 3195 1615 3242 oe-

327 3284 428 3360 mndl,
442 3285 506 3349 dat.
522 3295 539 3347 7
555 3287 654 3348 martii
670 3295 758 3362 12²2,
773 3303 805 3364 p.
817 3283 898 3368 Ἀθ.)

252 3473 293 3544 ln
326 3473 465 3546 nomine
488 3481 605 3548 sancte
630 3481 665 3548 et
692 3473 876 3548 individue
901 3473 1089 3548 Trinitatis.
1116 3472 1297 3546 Heinricns
1329 3469 1449 3545 divina
1477 3471 1615 3546 lavante

203 3596 317 3691 gratia
331 3596 562 3672 Romanorum
579 3620 644 3672 rex
658 3607 694 3673 et
708 3620 843 3696 semper
858 3607 1042 3693 angustus,
1057 3598 1216 3671 omnibns
1232 3595 1395 3670 fidelibus
1414 3596 1451 3668 iu
1466 3595 1612 3671 Christo.

201 3721 333 3794 Notnm
352 3741 429 3796 esse
443 3722 607 3798 volumus
625 3723 788 3796 omnibns
806 3733 877 3797 tam
898 3723 1115 3820 presentibus
1137 3744 1243 3819 quam
1266 3720 1391 3794 futuris
1414 3719 1512 3817 quod
1530 3721 1616 3794 Sui-

204 3845 313 3920 kerus
338 3854 374 3919 et
396 3845 576 3922 Cnnradus
603 3849 723 3923 iratres
748 3847 794 3923 de
820 3849 1021 3940 blulbnsen,
1041 3847 1281 3920 ministeriales
1309 3846 1460 3942 imperii,
1481 3847 1615 3920 molen-

203 3969 329 4046 dinum
356 3971 533 4067 quoddam
556 3975 592 4046 in
610 3974 776 4050 Burricbe
794 3975 890 4072 qnod
906 3997 928 4050 a
944 3975 1044 4048 nobis
1067 3976 1146 4068 jure
1162 3971 1389 4070 possedemut
1405 3971 1548 4066 feodali,
1570 3973 1615 4047 de

203 4117 378 4169 consensu
395 4105 430 4170 et
452 4097 628 4174 voluntate
652 4111 768 4175 nostra
788 4099 977 4174 venembili
995 4099 1181 4173 conventui
1202 4097 1248 4172 de
1268 4095 1511 4172 Volloldemtb
1535 4117 1615 4192 per-

202 4228 349 4318 petuam
370 4221 652 4299 contradiderunt
667 4225 704 4298 in
722 4225 958 4300 hereditatem.
979 4225 1071 4300 Talis
1088 4224 1179 4320 pacti
1196 4222 1399 4298 condicione
1417 4221 1617 4319 interposita

202 4352 382 4440 quatenus
398 4357 586 4422 memorata
601 4351 746 4425 ecclesia
762 4351 909 4447 singulis
923 4351 1023 4424 annis
1037 4349 1121 4424 inde
1139 4350 1250 4423 solvat
1272 4349 1359 4422 duas
1381 4369 1526 4440 marcas,
1545 4367 1614 4420 non

204 4469 323 4543 solnm
339 4471 478 4566 prelatis
495 4473 682 4567 militibus,
705 4476 767 4550 sed
787 4487 822 4550 et
844 4476 912 4550 biis
931 4476 1142 4572 quicumque
1158 4473 1204 4547 de
1222 4496 1327 4548 manu
1346 4480 1461 4546 nostra
1486 4480 1548 4544 ant
1568 4472 1617 4544 il-

205 4593 325 4668 lorum
342 4593 379 4666 in
396 4595 497 4671 leodc
516 4599 732 4694 possederint
748 4601 784 4673 in
801 4603 975 4694 futurum3
997 4601 1045 4676 ita
1061 4609 1101 4673 ut
1116 4600 1204 4674 nulli
1223 4601 1335 4697 ipsum
1357 4599 1458 4671 liceat
1474 4619 1617 4670 censum

205 4739 341 4814 augere
359 4731 421 4794 ant
439 4724 640 4820 petitionem
667 4728 779 4802 lacere
803 4736 864 4801 aut
880 4727 1015 4824 aliquid
1036 4728 1176 4824 exigere
1199 4745 1304 4821 snpra
1327 4723 1365 4796 id
1384 4721 1481 4819 quod
1503 4731 1618 4796 nostra

310 4843 453 4908 11·sz
1424 4854 1461 4910 pp
