4326 5910
223 667 323 727 rnna.
342 655 402 744 ra]
673 657 869 721 ursronm
896 641 1190 720 orruouirrcn.
1576 643 1633 706 su

272 799 389 870 Testes
421 794 458 868 hi
490 803 571 867 sunt
606 795 833 890 Engelbertus
866 795 1076 869 Coloniensis
1112 791 1411 888 archiepiscopus,
1444 783 1636 880 Diopoldus

225 921 378 996 marchio
400 919 445 994 de
467 920 686 1014 nuinburch,
710 920 906 996 Gorhardus
924 942 1040 994 comes
1063 919 1108 994 de
1124 918 1237 1018 illota,
1258 910 1485 988 llarratradus
1501 910 1547 984 da
1562 909 1635 982 lle·

225 1047 386 1140 reuberg‚
402 1042 625 1118 Eberhardus
648 1043 782 1142 dapifer
801 1046 847 1120 de
862 1045 1041 1141 Walpurg,
1060 1043 1237 1117 Gonradus
1253 1039 1417 1137 pincerna
1434 1035 1479 1110 de
1499 1033 1636 1130 Schipi-

224 1173 296 1258 icn,
314 1170 508 1246 Fridericus
526 1171 735 1244 camerarius
753 1170 798 1244 de
815 1171 990 1266 Bienbnrg
1004 1168 1071 1266 (a),
1092 1164 1318 1262 Marquardus
1332 1161 1504 1253 notarius,
1520 1169 1556 1232 et
1576 1157 1635 1234 olii

222 1297 517 1518 duffiiiulgrzud
538 1417 802 1512 Franckeniurt,
828 1440 920 1492 anno
937 1417 1109 1492 dominice
1131 1415 1375 1490 incarnationis
1396 1411 1633 1506 mccxxvui,

226 1543 351 1618 llidus
369 1543 581 1638 novembris,
601 1543 790 1617 indictione
807 1541 914 1640 Xlll(
938 1541 966 1640 ).

279 2183 467 2270 Dominus
480 2183 685 2269 cardinalis
704 2183 903 2269 Conradus
921 2181 1077 2267 lullum
1094 2181 1252 2267 venitin
1270 2183 1413 2268 octads
1429 2181 1529 2268 beati
1541 2183 1641 2272 llar-

225 2319 296 2404 tini
329 2317 391 2432 (2)
420 2345 509 2404 cum
540 2318 756 2404 Coloniensi
788 2329 825 2403 et
855 2317 1137 2430 Mogontinensi
1164 2318 1454 2432 archiepiscopis
1484 2327 1523 2404 et
1552 2346 1640 2403 oum

226 2455 467 2565 imperatoris
484 2453 563 2538 filio
581 2480 671 2566 rege
688 2453 850 2538 Haurioo
873 2463 911 2538 et
934 2452 1144 2564 majoribus
1158 2463 1195 2537 et
1212 2455 1432 2564 proceribus
1450 2453 1640 2540 Aleman-

225 2589 326 2674 niae.
356 2589 435 2674 Rex
462 2615 616 2702 quoque
646 2587 828 2674 Franciae
854 2589 1068 2673 Ludouicus
1094 2615 1184 2674 oum
1211 2615 1282 2673 suo
1313 2589 1472 2676 oonsilio
1499 2589 1572 2675 luit
1602 2591 1643 2674 in

226 2723 362 2806 eodem
402 2721 566 2807 confinio
602 2723 706 2834 apud
747 2732 916 2808 oestrum
946 2721 1257 2808 Vallis-coloris.
1287 2723 1336 2808 Et
1375 2725 1549 2836 sequenti
1584 2725 1646 2810 dis

226 2856 429 2968 utriusque
445 2857 554 2968 regni
569 2857 829 2944 consiliatores
846 2858 887 2942 in
904 2884 1027 2944 uuum
1045 2859 1309 2944 conuenientes
1328 2884 1543 2972 congruum
1560 2859 1646 2945 ool-

226 2991 403 3102 loquium
422 2994 472 3076 ad
495 2992 656 3076 invicem
683 2993 900 3080 habuerunt
918 2992 994 3106 (5).
1016 2993 1190 3078 Auernum
1208 2994 1449 3101 Turonorum,
1470 2996 1642 3081 Gbrooic.

228 3129 281 3210 od
298 3153 388 3210 ann.
413 3128 536 3234 isui,
556 3154 596 3237 p.
618 3129 713 3210 bii.
1475 3163 1478 3170 ·

270 3313 308 3394 (a)
328 3313 462 3378 Tertium
474 3318 597 3379 nomina
609 3317 695 3394 iocdo
715 3323 852 3396 corrupta
870 3319 913 3380 sio
931 3319 1123 3382 correximus.

265 3608 302 3682 (4)
320 3609 404 3667 Notae
418 3610 619 3686 chronologicae
640 3612 711 3670 inter
727 3628 757 3670 se
777 3629 831 3670 non
849 3612 1028 3688 concordant,
1042 3629 1126 3688 quum
1145 3614 1289 3673 Leuckield
1309 3621 1337 3674 et
1357 3616 1442 3692 Liinig
1464 3615 1501 3674 ita
1514 3614 1644 3688 mimano,

229 3707 386 3782 nurenberg
397 3723 461 3766 vero
474 3720 575 3767 annum
588 3713 657 3770 iiiii
672 3717 700 3768 et
712 3709 885 3769 indictionem
902 3712 950 3771 vii
966 3711 1102 3771 exhibeat.
1114 3713 1149 3770 nt
1163 3713 1191 3771 in
1205 3713 1391 3788 qualicumque
1401 3730 1465 3773 casu
1479 3731 1565 3772 annus
1577 3716 1646 3774 isio

230 3789 285 3865 non
302 3805 407 3863 admitti
423 3813 528 3882 potest,
542 3809 727 3882 majoremque
745 3809 826 3868 fldem
847 3809 984 3870 indictioni
997 3811 1095 3870 tertiae
1111 3811 1231 3871 decimae
1244 3811 1420 3884 adhibemus3
1436 3829 1506 3886 quac
1517 3813 1599 3872 etiam
1609 3813 1648 3871 ita

230 3911 322 3966 nomia
334 3906 507 3966 inventurn
517 3909 594 3982 noma
605 3908 669 3968 enni
681 3911 750 3966 iiiii
766 3909 838 3983 apud
851 3908 1060 3970 Wolisnbiiitei.

267 4007 306 4078 (2)
325 4003 432 4064 Scilicet
442 4005 477 4064 ab
488 4007 630 4068 undecimo
643 4007 687 4065 dio
699 4007 853 4066 novembris
866 4007 901 4066 ad
914 4013 1039 4068 octavum
1052 4009 1187 4068 decimum
1200 4010 1332 4086 ejusdem.

268 4101 305 4177 (3)
324 4101 431 4162 Foedus
445 4121 508 4164 oum
528 4105 640 4182 imperio
654 4105 784 4164 adversus
796 4105 895 4182 Anglos
913 4107 1059 4166 ineundum
1074 4126 1121 4167 rex
1139 4110 1303 4168 Francorum
1317 4109 1346 4166 in
1359 4109 1498 4185 pmposito
1517 4109 1644 4169 habebat.

231 4197 344 4258 Obstitit
358 4207 448 4261 tamen
462 4204 680 4281 archiepiscopus
694 4203 870 4276 Coloniensis,
880 4205 927 4279 qui
936 4211 1046 4281 pmpter
1058 4207 1294 4267 mercimoniorum
1306 4209 1415 4267 vincula
1427 4209 1497 4266 inter
1509 4207 1608 4285 Anglos
1619 4215 1648 4268 et

232 4299 381 4359 Gmmnos
391 4303 448 4376 jam
461 4301 562 4362 dudum
576 4311 699 4376 assuete,
713 4303 806 4380 indie
816 4319 847 4362 ee
857 4304 1009 4380 proniorem
1021 4305 1175 4365 exhibebat.
1185 4307 1247 4367 vid.
1262 4306 1331 4367 inira
1342 4307 1482 4383 epistolam
1494 4307 1649 4368 Garieoien·
1756 4320 1764 4336 ·

234 4397 274 4456 sis
287 4399 407 4476 episcopi
420 4402 455 4462 ad
467 4419 558 4478 ragom
571 4404 694 4480 duplice,
711 4405 782 4462 cuca
796 4403 915 4462 medium
928 4401 1092 4462 iebruarium
1107 4407 1186 4463 4225.
