4324 5912
680 595 931 661 nottestan
958 596 1111 660 sionim
1544 593 1605 658 947

191 731 360 806 Theodori
378 731 414 805 iu
432 731 600 808 territorio
612 739 701 806 tene
715 733 888 829 Simmeti‚
907 734 1087 810 ecclesiam
1101 733 1217 808 Sancti
1233 731 1364 806 Nioolei
1383 730 1429 805 de
1445 729 1603 826 Chipulle

191 858 227 930 in
246 857 415 934 territorio
432 857 571 932 Cutrnni
589 880 668 932 cnm
681 859 882 935 hominihus
898 871 934 935 et
948 860 1111 935 omnibus
1124 858 1319 934 tenimentis
1336 866 1371 932 et
1388 856 1603 952 pertinentiis

190 981 413 1072 earumdem,
428 983 538 1058 libere
553 984 647 1080 ipsus
659 986 840 1079 ecelesies,
860 987 1019 1062 homiues
1031 995 1066 1060 et
1078 985 1226 1059 villanos
1239 990 1431 1080 spectantes
1444 983 1491 1058 ed
1509 983 1603 1056 dieta

190 1108 267 1182 locu
283 1107 329 1182 ab
348 1108 443 1182 omui
457 1108 639 1182 exactione
653 1110 882 1206 lignaminum
902 1112 978 1185 sine
999 1110 1179 1206 temporali
1197 1108 1337 1182 seuitm
1359 1105 1599 1204 possidendus.

191 1231 422 1308 concedimus
452 1252 593 1330 qnoque
621 1243 669 1308 et¹
684 1234 926 1310 confirmemus
956 1236 1024 1334 ipsi
1053 1233 1260 1308 monasterio
1289 1231 1527 1306 molendinum
1557 1231 1603 1306 de

190 1356 314 1431 Alexio
334 1357 431 1456 quod
459 1368 514 1434 est
537 1359 660 1432 subtus
681 1361 916 1456 squillacium.
940 1363 1024 1434 ltem
1042 1359 1285 1433 confirmamus
1301 1357 1539 1432 molendinum
1558 1357 1604 1431 de

191 1484 319 1558 Sancto
332 1484 460 1559 Iacobo
477 1493 512 1559 et
533 1485 672 1560 vineam
690 1485 735 1560 de
757 1489 888 1562 Merinn
903 1488 1029 1562 subtus
1042 1485 1266 1582 squillacium
1278 1484 1319 1556 in
1334 1483 1411 1558 loco
1427 1484 1489 1580 qui
1507 1484 1603 1559 dici-

191 1608 318 1683 turde
340 1609 440 1701 Pola,
460 1633 529 1706 que
544 1613 789 1685 monasterium
817 1613 922 1686 hebet
947 1621 983 1687 et
1007 1610 1162 1708 possidet
1185 1632 1232 1684 ex
1257 1610 1442 1684 donadeus
1471 1609 1605 1683 comitis

191 1732 359 1826 Aminei,
378 1733 512 1810 demini
529 1742 618 1808 terre
635 1736 825 1831 Squillucii.
844 1739 930 1810 item
945 1735 1168 1810 concedimus
1183 1743 1219 1808 el
1234 1733 1478 1809 confirmemus
1489 1734 1605 1808 eidem

192 1858 400 1932 monasterio
413 1860 582 1934 culturam
601 1858 649 1935 de
662 1861 869 1936 Sbnmatisie
881 1863 919 1934 in
933 1861 1100 1936 territorio
1116 1860 1290 1956 Squillacii
1302 1882 1385 1934 oum
1395 1861 1535 1954 juribus
1550 1861 1607 1934 le-

192 1981 363 2081 languet,
383 1983 546 2080 sculugii,
569 1987 743 2082 aucoregii
762 1996 798 2060 et
811 1987 949 2062 dohene
964 1987 1072 2060 litoris
1098 1995 1133 2060 et
1156 1986 1341 2072 maritime,
1361 1985 1608 2060 tenimentiset

192 2108 370 2182 territoriis
389 2108 499 2206 ipsius
516 2111 661 2185 culture.
678 2112 760 2186 ltem
776 2111 1000 2187 concedimus
1017 2120 1054 2196 et
1070 2109 1314 2184 confirmamus
1331 2110 1509 2204 grangias
1525 2111 1608 2182 llua

194 2233 257 2308 teri
272 2254 354 2309 cum
370 2235 492 2327 casali,
513 2235 713 2310 hominibus
728 2246 764 2310 et
779 2239 941 2312 omuibus
967 2235 1181 2333 pertinentiis
1201 2244 1236 2308 et
1261 2235 1456 2310 tenimentis
1479 2235 1551 2308 suis
1569 2235 1606 2308 iu

193 2357 363 2436 territorio
390 2359 511 2434 Mileti.
538 2362 622 2434 ltem
652 2361 875 2436 concedimus
904 2371 938 2435 et
964 2359 1207 2434 confirmamus
1238 2360 1465 2434 tenimentum
1492 2359 1607 2434 Sancti

193 2482 425 2581 christophori
445 2507 525 2560 cum
541 2487 703 2562 omuibus
720 2489 935 2584 pertinentiis
952 2488 1038 2578 suis,
1062 2487 1158 2582 quod
1180 2486 1284 2560 hebet
1300 2485 1545 2559 monasterium
1562 2507 1609 2558 ex

192 2608 373 2704 largitione
386 2607 542 2686 fidelium
558 2613 596 2684 in
612 2613 787 2686 territorio·
797 2613 906 2686 Cestri
918 2612 1021 2688 Novi.
1038 2614 1123 2686 Item
1138 2611 1360 2686 concedimus
1374 2620 1411 2685 et
1423 2609 1608 2684 coufirma-

191 2756 271 2808 mus
288 2737 521 2832 possesdoues
545 2759 634 2835 ques
662 2740 768 2812 hebet
791 2738 1036 2813 monesterium
1053 2737 1090 2809 in
1110 2735 1275 2810 territorio
1293 2743 1383 2808 terre
1407 2735 1608 2809 solicitos

192 2859 333 2956 speciali
350 2883 491 2958 quoque
508 2864 617 2957 gnatia
633 2865 774 2959 dumus,
796 2865 1018 2938 concedimus
1034 2871 1070 2937 et
1084 2859 1326 2936 confirmamus
1344 2859 1411 2956 ipsi
1433 2868 1607 2934 moneste-

193 2983 487 3059 delenimentum
503 2987 682 3083 quoddam
700 2991 736 3062 in
753 2989 921 3064 territorio
937 2987 1011 3060 Stili
1034 2987 1071 3060 in
1088 2987 1186 3060 terris
1208 2985 1395 3061 Cascmone
1420 2984 1457 3056 in
1483 3005 1607 3082 perpe·

193 3117 294 3183 tuum
321 3109 519 3185 habendum
544 3123 579 3188 et
600 3115 869 3210 possidendum,
888 3113 984 3210 quod
1013 3112 1240 3186 tenimentum
1266 3131 1470 3184 concessum
1496 3111 1608 3184 lueret

193 3234 304 3329 primo
318 3235 386 3332 ipsi
400 3239 606 3312 monastario
619 3242 848 3337 compascuis
863 3239 1064 3314 enimulium
1077 3248 1113 3313 et
1128 3236 1302 3312 messeniis
1313 3235 1374 3332 pe'r
1385 3235 1607 3331 privilegium

192 3358 370 3450 quondam
386 3361 479 3456 regis
495 3363 667 3436 Guillelmi
687 3365 885 3438 consobrini
903 3364 1010 3438 nostri
1032 3361 1214 3436 recolende
1230 3359 1406 3434 memorie.
1431 3361 1500 3434 Sed
1524 3363 1608 3456 quia

192 3501 256 3575 per
272 3484 428 3579 proprios
444 3483 532 3560 lines
548 3487 663 3583 ipsum
676 3489 901 3562 tenimentum
918 3509 989 3564 non
1005 3489 1117 3561 fueret
1134 3485 1366 3567 terminatum,
1383 3483 1429 3557 de
1445 3485 1608 3560 mundato

194 3615 310 3680 uestro
322 3608 432 3705 ipsius
448 3612 625 3688 tenimenti
648 3614 761 3690 divise
775 3618 863 3690 iucte
883 3618 1023 3690 inerunt
1042 3623 1078 3688 et
1098 3621 1217 3686 nostre
1232 3609 1375 3682 culmini
1392 3609 1606 3706 presentate3

193 3751 283 3825 ques
296 3733 428 3810 divisus
448 3737 484 3810 in
502 3741 852 3838 presentiprivilegio
867 3741 914 3818 ed
931 3741 1096 3834 majorem
1116 3737 1262 3834 mutiam
1280 3744 1315 3810 et
1331 3737 1485 3809 favorem
1501 3738 1611 3834 ipsius

193 3859 391 3932 monasterii
405 3863 573 3954 jussimus
589 3868 840 3963 apponendus:
861 3869 898 3940 iu
921 3867 1041 3964 primis
1061 3866 1108 3938 ab
1125 3864 1256 3936 oriente
1282 3872 1370 3935 terro
1388 3863 1508 3935 Sunoti
1520 3863 1609 3935 Pun-
1630 3947 1635 3954 ,

193 3982 350 4078 eleonis,
366 3985 458 4060 sicut
475 3987 655 4065 descendit
669 3993 768 4066 rivus
791 4003 912 4066 versus
931 3994 1098 4066 orientem
1115 4007 1228 4084 nsque
1243 3987 1291 4060 ed
1305 3989 1473 4060 Sanctum·
1486 3988 1608 4062 Pente·

194 4105 328 4182 lennem
346 4118 380 4184 ct
395 4113 553 4188 escendit
576 4137 669 4190 sens
694 4138 806 4214 usque
832 4118 879 4192 etl
904 4117 1058 4214 lapidem
1084 4113 1359 4208 crucesignatum
1378 4121 1413 4186 el
1429 4111 1556 4186 scindit
1572 4113 1609 4185 in

194 4229 351 4308 medium
369 4246 519 4312 montem
539 4250 575 4314 et
599 4243 675 4314 ierit
698 4243 734 4314 in
758 4243 852 4317 vium
874 4243 1073 4334 Casemone,
1093 4249 1128 4314 et
1145 4239 1244 4312 vadit
1263 4237 1377 4330 divise
1395 4238 1506 4335 ipsine
1520 4240 1609 4312 teui-

195 4359 301 4430 menti
326 4359 517 4439 dividendo
534 4389 613 4441 oum
632 4371 766 4444 cultura
782 4372 896 4444 Sancti
912 4371 1050 4444 Leontis
1071 4387 1185 4464 usque
1204 4368 1250 4442 ad
1275 4367 1433 4441 arborem
1457 4368 1606 4440 crucesi-

195 4491 336 4575 gnatum
350 4495 385 4558 et
401 4491 559 4583 pervenit
581 4493 627 4566 ed
643 4495 757 4568 nuum
780 4497 841 4592 qui
864 4496 990 4570 dicitur
1006 4495 1052 4570 de
1069 4494 1228 4591 Rigiteno
1246 4503 1280 4567 et
1297 4490 1477 4567 descendit
1494 4491 1608 4565 divisa

196 4606 312 4682 Sancti
328 4609 466 4688 Leontis
489 4638 573 4690 cum
597 4619 720 4694 eodem
744 4623 820 4696 rivo
842 4645 955 4720 usque
975 4621 1022 4698 nd
1048 4641 1158 4710 mere3
1177 4617 1306 4693 deindo
1331 4615 1430 4691 vadit
1454 4616 1513 4690 vie
1537 4639 1617 4713 pu*

196 4729 286 4808 blico
305 4757 416 4832 usque
431 4741 478 4814 ad
493 4763 658 4837 maguum
676 4747 792 4822 rivum
815 4753 877 4846 qui
904 4751 1033 4824 dicitur
1058 4749 1104 4823 de
1127 4745 1284 4840 Derceri,
1307 4753 1343 4818 et
1365 4744 1509 4817 menmtc
1533 4743 1610 4839 ipse
1670 4783 1678 4808 t
