4324 5916
543 562 604 624 816
1074 569 1247 636 llEllllllCl
1272 575 1441 638 surum!
1772 576 1856 658 [01000.
1872 575 1958 640 lass.

545 695 692 772 raudam
725 699 917 794 pronubis
946 711 981 774 et
1010 702 1047 776 iu
1074 705 1191 780 anima
1218 717 1334 784 nostra
1364 732 1386 786 a
1415 709 1550 786 dilectis
1583 707 1809 784 familiaribus
1839 713 1962 785 nostris

547 825 741 898 Hermanno
769 825 960 900 venerabili
991 827 1229 928 Herbipolensi
1259 835 1423 933 episcopo
1452 844 1487 910 et
1519 835 1661 909 Gerlaco
1692 835 1737 909 de
1767 836 1959 931 Boutingeu

548 968 663 1020 coram
687 949 816 1022 Milone
839 953 1027 1026 venerabili
1049 955 1251 1033 Belvacansi
1272 961 1437 1058 episcopo
1457 968 1492 1035 01
1511 960 1659 1034 Roberto
1684 959 1729 1034 de
1754 961 1859 1034 Bovis
1879 961 1957 1034 dicti

544 1073 636 1167 regis
654 1055 796 1148 l‘rancie
814 1075 949 1166 legatis.

595 1198 720 1272 Actum
735 1199 831 1294 apud
847 1201 1066 1297 lbidentum,
1081 1227 1174 1283 anuo
1192 1209 1366 1284 dominice
1381 1208 1626 1283 iucarnationis
1636 1207 1876 1282 bl⁰CC⁰XXVP
1894 1207 1955 1304 (o),

546 1325 605 1397 lll⁰
623 1323 704 1398 idus
717 1325 827 1418 J'unii,
844 1324 1031 1402 indictione
1047 1331 1164 1406 xllll.

598 1927 803 2038 Hannone,
818 1929 1080 2014 Romanorum
1098 1957 1183 2037 nex,
1200 1931 1250 2012 ad
1263 1929 1483 2039 petitionem
1499 1939 1538 2012 et
1555 1953 1751 2012 assensum
1767 1926 1954 2014 Godefridi

547 2060 829 2146 Cameracensis
846 2063 1026 2172 episcopi,
1042 2063 1267 2147 sententiam
1285 2063 1541 2146 damnationis
1559 2072 1692 2146 contra
1708 2061 1808 2144 cives
1828 2061 1954 2144 Carue-

544 2222 718 2280 recenses
736 2207 890 2306 propter
907 2222 1040 2279 eorum
1064 2197 1344 2280 contumaciam
1368 2195 1617 2280 differendam
1639 2222 1721 2278 esse
1738 2193 1952 2301 denuntiat,

544 2328 651 2412 salvo
667 2329 772 2438 quod
794 2329 946 2412 nullum
965 2329 1054 2412 inde
1071 2329 1323 2440 prejudicium
1341 2331 1517 2440 episcopo
1531 2329 1704 2442 generari
1718 2330 1856 2440 possit,
1871 2355 1952 2412 cum

545 2463 732 2548 sententia
749 2464 798 2546 sit
814 2462 1065 2547 immutabilis
1087 2475 1125 2547 et
1149 2465 1324 2575 episcopo
1345 2465 1386 2546 in
1413 2491 1559 2548 annum
1576 2464 1636 2548 vel
1655 2465 1764 2547 citius
1788 2462 1951 2574 ejusdem

543 2597 891 2708 pronuntiationem
908 2608 1034 2708 petere
1050 2597 1175 2682 liceat.

624 2840 740 2918 (lnedlt.
756 2855 794 2902 ax
808 2839 876 2902 cod.
891 2841 927 2902 Β.
946 2847 1023 2902 rona
1038 2841 1071 2901 tn
1084 2839 1159 2902 111101.
1175 2855 1281 2904 nomm.
1295 2838 1446 2902 (10000000.
1461 2855 1593 2918 0000000.
1608 2855 1665 2902 sec.
1686 2837 1776 2918 xm,
1792 2835 1847 2898 ubl
1859 2834 1950 2898 cond·

664 2952 773 3010 nentur
786 2947 943 3026 privilegia
955 2947 1059 3010 000100.
1074 2946 1238 3023 famarm„
1257 2947 1329 3010 10110
1344 2955 1401 3012 110
1414 2949 1616 3022 0001000000.)

591 3163 761 3238 Heuricus
785 3162 847 3236 Dei
869 3163 980 3258 gratia
1004 3163 1237 3236 Romanorum
1260 3183 1325 3236 rex
1350 3172 1385 3236 et
1412 3183 1548 3260 semper
1574 3168 1764 3258 augustus,
1790 3156 1955 3231 universis

543 3286 680 3386 imperii
693 3285 855 3360 fidelibus
870 3285 999 3381 quibus
1016 3286 1082 3359 hee
1105 3286 1216 3359 littera
1231 3293 1367 3360 ostense
1383 3285 1512 3359 fuerint
1526 3283 1672 3382 gratiam
1690 3304 1791 3356 suam
1808 3291 1843 3356 et
1860 3301 1957 3355 omne

543 3411 688 3486 bonum.
709 3409 767 3484 Ad
787 3411 941 3485 notitiam
959 3411 1175 3506 singulorum
1192 3412 1355 3484 volumus
1371 3409 1551 3508 pervenire
1568 3407 1665 3507 quod
1684 3408 1831 3483 dilectus
1849 3405 1957 3480 fidele

543 3535 705 3634 princeps
720 3546 835 3612 noster
847 3535 1069 3630 Godefridus,
1087 3535 1342 3611 Cameracensis
1353 3536 1550 3634 episcopus,
1566 3535 1604 3608 in
1621 3533 1718 3608 00010
1735 3541 1851 3606 nostra
1865 3529 1955 3630 apud

543 3659 742 3736 Tridentum
758 3663 984 3759 personaliter
999 3661 1217 3756 constitutus,
1234 3661 1271 3734 in
1285 3670 1402 3736 nostra
1415 3671 1450 3736 01
1463 3661 1659 3758 principum
1675 3681 1717 3734 00
1730 3659 1876 3732 aliorum
1890 3677 1955 3730 no-

543 3786 667 3860 bilium
687 3786 823 3884 imperii
845 3790 1018 3884 presentia
1038 3785 1231 3860 secundum
1245 3787 1305 3880 jus
1322 3796 1357 3861 et
1373 3787 1486 3882 legem
1507 3787 1602 3861 curie
1620 3793 1735 3860 nostre
1752 3783 1956 3856 sufficienter

543 3909 704 4008 probavit
718 3909 831 4006 quod,
850 3933 929 3983 cum
944 3911 1040 3984 cives
1057 3911 1230 3986 Cameraci
1255 3933 1317 4008 per
1338 3933 1469 3985 annum
1489 3920 1524 3985 01
1550 3909 1645 3984 diem
1668 3918 1704 3984 et
1726 3907 1877 4003 amplius
1895 3927 1955 3978 ex-

544 4033 863 4108 communicationis
887 4033 1028 4108 vinculo
1049 4035 1194 4108 fuissent
1213 4035 1369 4110 innodati
1382 4045 1418 4108 et
1435 4032 1657 4132 postmodum
1675 4054 1739 4130 per
1755 4031 1954 4104 seutentiam

543 4157 740 4254 principum
757 4155 874 4230 banno
889 4155 1060 4253 imperiali
1080 4155 1229 4254 perculsi
1248 4164 1283 4230 01
1300 4157 1483 4254 proscripti
1508 4165 1542 4231 et
1558 4155 1638 4228 licet
1655 4153 1702 4228 de
1719 4149 1956 4228 excommuni-

544 4281 677 4354 catione
694 4278 924 4353 satisfactione
941 4279 1086 4375 prestita
1106 4279 1251 4354 fuissent
1267 4279 1430 4374 absoluti,
1449 4279 1495 4356 de
1509 4280 1626 4354 banno
1642 4287 1760 4352 tamen
1778 4297 1885 4372 quam
1900 4295 1957 4372 per

542 4405 700 4502 quinque
715 4423 825 4477 anuos
842 4411 877 4477 et
897 4403 1047 4500 amplius
1073 4403 1312 4478 sustinuerunt
1342 4403 1540 4478 satisfacere
1567 4425 1639 4479 non
1666 4410 1843 4477 curarunt.
1862 4397 1958 4473 Unde

542 4529 711 4624 majestati
731 4537 846 4602 nostre
863 4527 977 4602 dictus
993 4529 1182 4626 episcopus
1199 4528 1408 4628 supplicavit
1426 4539 1465 4603 ut
1480 4551 1586 4628 super
1602 4529 1671 4604 hiis
1688 4528 1847 4603 debitum
1866 4523 1956 4600 curia

584 4719 627 4802 (a)
648 4720 685 4782 ln
698 4719 797 4782 000100
811 4726 926 4782 asor-a
940 4715 1575 4803 01110100100010100010010000011000,
1587 4720 1688 4784 rutum
1699 4723 1789 4782 00010.
