4330 5914
183 589 281 648 lsnrcn.
301 587 363 664 15.]
637 581 832 644 HISTORIA
858 582 1149 644 nlnnoltmtcn.
1536 589 1596 648 705

182 743 261 792 rum
277 743 319 794 ac
335 719 403 792 alia
424 740 495 814 que
514 717 695 792 occasione
712 718 820 812 ipsius
843 718 1014 792 discordie
1032 728 1132 814 capta
1148 728 1230 790 sunt
1245 720 1301 792 vel
1323 718 1474 792 detenta.
1493 723 1598 794 lnsu-

183 865 245 939 per
268 864 409 938 quoque
426 842 530 915 saciat
549 841 623 914 fieri
642 851 797 938 patentes
812 842 941 914 litteras
966 863 1013 916 ex
1033 852 1129 938 parte
1150 841 1212 914 tilii
1232 843 1287 914 sui
1304 845 1401 937 quod
1423 865 1542 938 paoem
1564 855 1599 918 et

184 967 405 1040 concordiam
419 967 520 1062 istum
536 977 646 1038 ratam
667 965 807 1038 babebit
829 974 865 1037 et
889 964 1023 1038 firmam
1047 975 1083 1037 et
1106 967 1255 1039 remittet
1277 967 1345 1064 illis
1371 968 1416 1040 de
1439 970 1600 1043 societate

183 1112 322 1164 omnem
332 1111 524 1180 rancorem,
537 1088 827 1174 malevolentiam,
847 1089 992 1180 injurias
1004 1099 1040 1161 et
1054 1088 1213 1162 offensas.
1231 1091 1258 1162 li
1277 1112 1361 1163 vero
1377 1091 1440 1185 qui
1456 1102 1538 1163 sunt
1556 1093 1601 1166 de

185 1215 348 1287 societate
356 1213 535 1307 jamdicta,
554 1211 601 1286 ad
615 1212 779 1284 honorem
795 1211 857 1284 Dei
872 1211 1116 1306 omnipotentis
1131 1223 1166 1284 et
1180 1213 1331 1287 Ecclesia
1349 1225 1466 1287 sancte
1481 1239 1544 1288 sue
1560 1239 1602 1290 ac

186 1341 298 1432 ipsius
313 1331 527 1434 imperatoris
552 1334 636 1409 dent
660 1336 774 1409 cidem
801 1336 998 1430 imperatori
1024 1357 1088 1431 pro
1112 1335 1268 1408 subsidio
1292 1338 1393 1410 Terre
1418 1340 1542 1411 Sancte
1566 1337 1604 1409 in

187 1463 352 1558 expensis
366 1461 523 1556 ejusdem
541 1461 713 1534 societatis
729 1481 791 1554 per
804 1459 983 1531 biennium
1002 1461 1127 1532 milites
1150 1461 1441 1555 quadringentos,
1459 1485 1500 1534 ac
1519 1463 1605 1535 civi·
1629 1444 1631 1456 ’

188 1587 336 1678 tatibus,
356 1587 441 1658 locis
456 1596 491 1658 et
506 1587 661 1680 personis
689 1584 856 1679 imperiali
880 1584 1083 1656 excellentie
1107 1584 1370 1675 adherentibus,
1400 1594 1470 1658 tarn
1499 1587 1607 1658 eccle-

189 1710 338 1782 siasticis
352 1731 457 1804 quam
470 1707 669 1798 mundanis,
686 1708 813 1781 faciant
826 1728 945 1802 paoem
958 1721 992 1780 et
1007 1708 1250 1780 inviolabiliter
1262 1717 1412 1800 servent,
1430 1710 1606 1780 remitten-

192 1844 244 1906 tes
261 1835 313 1907 eis
327 1854 464 1906 omnem
482 1853 673 1920 rancorem,
690 1832 980 1921 malevolentiam,
1001 1831 1144 1922 injurias
1161 1842 1196 1903 et
1211 1831 1370 1919 offensas,
1387 1853 1429 1904 ac
1446 1841 1609 1906 revocent

192 1959 310 2031 omnia
326 1957 459 2049 banna,
479 1956 754 2046 constitutiones,
773 1955 960 2028 sententias
976 1965 1011 2027 et
1027 1955 1266 2028 ordinamenta
1288 1976 1357 2048 que
1381 1956 1534 2029 lecerunt
1551 1957 1607 2028 vel

193 2083 434 2178 imposuerunt
457 2081 675 2172 civitatibus,
694 2079 778 2152 locis
799 2089 833 2152 et
851 2079 1005 2174 personis
1026 2079 1194 2172 imperiali
1218 2078 1413 2151 celsitudini
1433 2079 1608 2153 adheren-

194 2206 289 2276 tibus
308 2214 343 2278 et
357 2225 579 2299 quecumque
593 2226 640 2276 ex
658 2204 709 2276 eis
735 2211 853 2276 secuta
871 2214 953 2275 sunt
975 2205 1031 2276 vel
1047 2204 1094 2274 ob
1110 2225 1164 2274 ea.
1182 2202 1343 2296 Captivos
1357 2203 1418 2296 qui
1431 2204 1610 2277 occasione

195 2329 301 2422 hujus
316 2329 487 2403 discordie
502 2329 694 2424 captisunt
710 2349 789 2398 cnm
807 2327 909 2398 bonis
925 2348 1045 2400 eorum
1063 2337 1098 2400 et
1117 2327 1185 2400 alia
1206 2349 1275 2421 que
1299 2328 1479 2401 occasione
1500 2329 1610 2423 ipsius

197 2452 370 2527 discordie
391 2461 489 2546 capta
507 2461 589 2522 sunt
605 2452 662 2524 vel
680 2451 817 2523 detenta
835 2452 1034 2542 restituant,
1054 2452 1102 2522 ita
1121 2452 1217 2546 quod
1233 2451 1438 2524 adherentes
1460 2451 1526 2546 ipsi
1547 2453 1612 2524 im·

199 2577 347 2672 peretori
371 2576 526 2648 similiter
550 2577 600 2648 eis
628 2576 756 2648 faciant
778 2587 813 2648 et
833 2576 1037 2664 observent;
1058 2575 1117 2648 alii
1141 2587 1256 2648 autem
1275 2576 1402 2670 captivi
1420 2575 1613 2648 secundum

196 2702 253 2792 jus
275 2700 413 2795 imperii
427 2701 662 2791 restituantur,
688 2723 767 2772 cum
794 2700 868 2796 ipse
893 2701 1077 2796 imperator
1100 2701 1250 2792 legatum
1273 2701 1430 2771 suumin
1450 2701 1613 2773 lombar-

199 2824 295 2897 diam
316 2846 379 2919 pro
401 2846 487 2920 pace
502 2823 719 2898 reformanda
740 2827 828 2897 inter
847 2823 1024 2896 discordes
1042 2823 1184 2896 duxerit
1206 2821 1463 2895 destinandum.
1479 2825 1617 2896 Consti-

201 2949 351 3020 tutiones
372 2969 479 3035 vero,
496 2950 589 3042 leges
606 2957 640 3021 et
658 2958 786 3021 statuta
804 2950 849 3020 ab
865 2949 1009 3020 ecclesia
1024 2949 1178 3020 Romana
1195 2957 1230 3018 et
1246 2948 1407 3020 Romanis
1430 2947 1614 3043 imperato-

201 3073 300 3144 ribus
323 3081 357 3144 et
378 3072 570 3166 specialiter
601 3073 647 3144 ab
673 3072 748 3166 ipso
778 3072 984 3166 imperatore
1005 3081 1123 3143 contra
1149 3070 1337 3161 hereticos,
1367 3080 1612 3165 receptatores,

203 3196 418 3286 defensores,
435 3195 616 3268 credentes
630 3206 665 3267 et
684 3197 833 3268 lautores
849 3217 970 3267 eorum
984 3195 1151 3267 hactenus
1169 3195 1384 3289 promulgata
1407 3195 1463 3267 vel
1480 3195 1517 3265 in
1537 3215 1617 3288 pos·

202 3329 314 3390 terum
342 3317 595 3414 promulganda
623 3318 791 3413 recipiant
819 3329 854 3390 et
883 3319 1068 3390 observent
1099 3316 1345 3390 inviolabiliter
1373 3325 1408 3388 et
1435 3315 1617 3390 efficaciter

204 3451 438 3536 exequantur3
452 3443 752 3516 constitutionibus
766 3443 1036 3538 municipalibus
1050 3443 1152 3516 editis
1164 3452 1281 3514 eontra
1296 3443 1380 3514 tales
1394 3440 1618 3514 nihilominus

205 3567 241 3636 in
253 3566 418 3638 suisloois
430 3565 571 3638 firmiter
584 3567 820 3640 observandis.
838 3569 1026 3640 Potestates
1040 3576 1169 3656 autem,
1185 3566 1344 3637 consules
1357 3575 1391 3637 et
1405 3573 1553 3638 rectores
1569 3566 1618 3638 ci-

204 3690 352 3762 vitatum
367 3690 595 3784 aliorumque,
611 3691 765 3762 locorum
780 3712 1002 3785 quocumque
1013 3691 1152 3762 nomine
1165 3698 1381 3779 censeantur,
1392 3689 1510 3780 jurent
1523 3688 1635 3783 quod-

205 3815 283 3886 illas
295 3812 442 3886 fideliter
457 3814 692 3887 observabunt
707 3815 814 3908 idque
831 3837 913 3888 suos
923 3816 1040 3907 jurare
1057 3813 1185 3886 iaciant
1200 3833 1434 3905 successurae,
1454 3823 1620 3907 ponentes

205 3957 265 4009 eas
283 3937 320 4007 in
340 3937 476 4010 statutis
497 3937 676 4010 civitatum
699 3939 915 4032 aliorumque
939 3939 1110 4023 locorum,
1133 3938 1208 4008 illas
1232 3937 1314 4009 inde
1341 3957 1561 4031 nequaquam
1583 3938 1621 4008 in

206 4069 382 4156 posterum
397 4061 557 4134 deleturi.
574 4064 706 4135 Statuta
726 4063 843 4135 omnia
867 4061 1063 4135 communia
1091 4071 1125 4132 et
1147 4060 1366 4156 particularia
1390 4062 1480 4134 lacta
1502 4069 1621 4134 oontra

205 4184 370 4258 ecclesias
387 4194 421 4257 et
436 4187 702 4260 ecclesiasticam
722 4187 912 4258 libertatem
927 4185 1066 4280 penitus
1084 4195 1265 4277 revocent,
1290 4186 1336 4259 de
1359 4185 1433 4258 suis
1457 4184 1623 4256 constitu-

209 4309 361 4381 tionibus
378 4309 515 4383 deleant
532 4320 567 4384 et
580 4332 621 4383 ea
637 4311 694 4382 vel
709 4311 759 4382 eis
773 4310 898 4382 similia
914 4310 960 4382 de
975 4319 1088 4382 cetero
1101 4331 1170 4382 non
1183 4319 1373 4384 resumant.
1385 4309 1622 4382 Lateranensis

207 4453 348 4528 quoquc
372 4441 499 4507 statuta
528 4433 665 4508 concilii
687 4444 721 4507 et
743 4434 1002 4506 constitutiones
1023 4457 1045 4506 a
1065 4433 1166 4506 nobis
1189 4445 1224 4506 et
1255 4435 1348 4528 leges
1378 4433 1423 4506 ab
1452 4433 1527 4528 ipso
1556 4433 1622 4504 im·

209 4565 366 4651 peratore
403 4579 508 4654 super
536 4559 592 4631 bis
618 4559 729 4632 editas
757 4559 941 4632 observent
964 4569 998 4630 et
1026 4560 1142 4652 jurent
1167 4559 1204 4630 in
1233 4566 1409 4654 posterum
1439 4556 1625 4631 observare

210 4702 362 4775 suosqtm
375 4681 493 4772 jurare
510 4685 635 4757 iaciant
650 4705 876 4758 successores.
895 4684 999 4756 Porro
1015 4683 1186 4779 predictos
1204 4682 1477 4778 quadringentos
1499 4681 1625 4754 milites

289 4803 332 4866 11.
352 4818 408 4864 sm
423 4822 445 4864 a
1426 4814 1464 4866 89
