4324 5916
229 630 328 692 bmrer.
345 627 406 707 le]
681 621 878 685 flrstonlt
902 616 1198 683 DIPLOMATICA.
1583 609 1643 670 875

230 787 396 874 quorum
420 759 590 844 discessu
607 758 829 841 Tridentum
852 756 984 840 civitas
1010 751 1153 836 casuali
1171 747 1346 833 incendic
1363 753 1641 831 concrematur.

231 897 390 982 Gonsrn.
414 895 544 978 Conon.
566 917 628 1003 ap.
649 892 844 999 Bosnueu,
864 898 1012 986 Fontes,
1036 888 1088 993 ll,
1105 887 1197 969 559.

445 1219 564 1230 ,ιι-ι-
570 1217 1008 1228 -ιιο--ιι--ι--ι-ι
1014 1211 1427 1224 *unffi

287 1495 489 1602 Henricus,
517 1494 778 1578 Romanorum
805 1517 890 1594 rex,
921 1499 1056 1573 notum
1087 1488 1177 1572 facit
1206 1514 1247 1572 se
1278 1487 1646 1572 confoederationem
1763 1523 1778 1555 ιι

233 1631 363 1714 iniisse
385 1655 474 1713 cum
497 1627 686 1712 Ludovioo
713 1625 893 1709 franciae
918 1649 1027 1734 rege3
1054 1649 1153 1733 quae
1170 1623 1325 1733 quidem
1343 1649 1390 1705 ex
1408 1622 1647 1732 praecedenti

234 1773 396 1847 treotmu
411 1763 531 1874 patris
549 1761 629 1870 sui,
648 1759 773 1846 verbis
791 1768 1046 1868 competenter
1063 1757 1237 1864 mutatis,
1253 1759 1469 1840 innovatur.

314 1979 430 2058 (lusdlt.
446 1979 589 2060 eltsglst
607 1978 686 2042 Pbtl.
702 1977 846 2058 Augusti,
862 1993 911 2055 up.
926 1975 1001 2038 Blbl.
1012 1991 1074 2056 reg.
1090 1975 1198 2050 Puris,
1212 1983 1246 2036 nt
1260 1983 1356 2056 etas,
1370 1974 1419 2036 tol.
1437 1959 1492 2036 tes
1504 1989 1605 2048 verso.
1620 1979 1651 2036 et

356 2096 488 2160 seez-e,
513 2086 568 2148 fol.
594 2095 650 2150 1³8
674 2089 766 2148 recto.
787 2117 828 2130 --
850 2084 1007 2146 Memorat.
1032 2099 1082 2162 ap.
1107 2081 1277 2159 Murrus,
1300 2079 1435 2164 Amplius.
1461 2078 1540 2159 colb,
1564 2089 1586 2144 t.
1617 2083 1648 2164 1,
1707 2095 1711 2102 ·

355 2211 387 2274 p.
406 2203 495 2270 118³,
512 2192 609 2276 note.)

285 2380 466 2456 Heinncus
487 2381 551 2455 Dei
573 2379 684 2476 gratis
709 2380 941 2454 Romenomm
970 2399 1035 2454 rex
1059 2389 1095 2454 et
1118 2401 1255 2477 semper
1277 2389 1459 2476 augustus,
1480 2379 1652 2455 universis

237 2515 431 2605 presentem
452 2508 617 2605 paginam
638 2506 844 2602 inspecturis
864 2506 1023 2580 salutem.
1044 2505 1216 2580 Noveritis
1235 2505 1332 2600 quod
1353 2527 1417 2580 ncs
1434 2514 1573 2603 propter
1591 2505 1653 2582 di-

237 2632 419 2706 lectionem
445 2653 552 2728 quern
577 2652 642 2706 nos
659 2639 695 2704 et
718 2630 952 2726 progenitores
970 2631 1078 2706 nostri
1103 2630 1291 2704 babuimus
1316 2639 1351 2704 et
1377 2609 1547 2706 babemus
1571 2653 1653 2728 erga

239 2757 458 2830 karissimum
482 2757 635 2831 amicum
660 2763 874 2830 nostramet
897 2756 1036 2830 matrem
1062 2755 1277 2830 Ludovicum
1301 2777 1419 2852 regern
1444 2758 1652 2831 Francorum

239 2883 405 2956 illustrem
419 2889 454 2955 et
466 2881 578 2978 ipsius
589 2881 822 2978 progenitores
835 2888 872 2954 et
883 2889 1126 2975 antecessores,
1138 2880 1229 2955 hano
1244 2881 1556 2956 confederationem
1572 2907 1653 2957 cum

241 3007 364 3082 eodem
385 3029 470 3103 rege
488 3009 581 3082 bona
605 3006 675 3082 fide
700 3008 869 3081 duximus
889 3005 1066 3082 iniendam
1084 3031 1093 3076 ε
1109 3007 1206 3104 quod
1224 3029 1288 3081 nos
1300 3007 1458 3082 homines
1475 3009 1574 3104 regni
1598 3010 1654 3083 sui

242 3133 298 3205 vel
313 3131 360 3206 ad
377 3155 523 3228 regnum
550 3155 655 3206 suum
681 3134 889 3230 pertinentes
914 3141 1134 3206 contumaces
1160 3141 1195 3206 et
1223 3132 1338 3206 eidem
1365 3133 1570 3208 rebellantes
1590 3155 1654 3208 seu

242 3266 420 3332 moventes
442 3279 603 3352 guerram
627 3267 746 3332 contra
768 3259 882 3356 ipsum
905 3280 1020 3354 regem
1043 3257 1099 3334 vel
1120 3255 1362 3332 forisbannitos
1387 3259 1485 3355 regni
1506 3257 1561 3333 sui
1583 3279 1654 3334 non

242 3383 497 3480 receptabimus
526 3405 591 3456 nec
619 3385 786 3482 receptari
812 3385 1059 3458 sustinebimus
1078 3384 1114 3455 in
1139 3383 1283 3482 imperio
1309 3393 1424 3458 nostro
1453 3385 1516 3458 ubi
1540 3393 1662 3482 potes·-

243 3515 347 3581 tatem
372 3505 585 3600 habeamus,
610 3529 725 3604 neque
749 3507 903 3606 aliquem
931 3509 1243 3583 confederationem
1275 3531 1356 3583 curn
1388 3511 1440 3584 eis
1467 3511 1651 3598 faciemus,

243 3641 425 3728 postquam
441 3632 480 3706 id
495 3633 610 3730 ipsum
625 3633 672 3707 ab
688 3633 812 3708 eodem
830 3657 913 3732 rege
932 3635 1032 3709 nobis
1050 3635 1153 3708 fuerit
1175 3636 1380 3710 intimatum.
1400 3636 1443 3709 Et
1461 3635 1552 3711 hanc
1570 3659 1653 3714 con·

245 3757 491 3832 federationem
516 3757 597 3832 fecit
625 3759 718 3834 bona
746 3759 816 3834 lide
843 3760 1026 3834 nobiscum
1049 3759 1141 3834 idem
1163 3783 1226 3835 rex
1248 3761 1446 3836 Ludovicns
1469 3764 1565 3860 quod
1590 3767 1655 3841 ho·

244 3881 355 3954 mines
380 3881 515 3980 imperii
542 3883 649 3956 nostri
675 3883 732 3957 vel
759 3883 968 3982 pertinentes
989 3884 1037 3959 ad
1058 3885 1242 3983 imperium
1259 3897 1414 3963 nostrum
1436 3899 1656 3970 contumaces

245 4013 279 4076 et
300 4005 401 4080 nobis
422 4007 626 4082 rebellantes
648 4030 712 4082 seu
732 4019 911 4084 moventes
934 4011 1035 4085 nobis
1062 4035 1222 4108 guerram
1240 4023 1275 4088 et
1294 4014 1538 4090 lcrisbannitos
1556 4017 1656 4112 regni

247 4131 353 4203 nostri
375 4153 446 4206 non
466 4134 656 4230 receptabit
671 4156 737 4208 nec
752 4135 921 4232 receptari
934 4137 1106 4232 permittet
1123 4139 1215 4212 bona
1233 4137 1304 4213 fide
1326 4140 1363 4214 in
1385 4163 1494 4236 regno
1514 4165 1579 4217 suo
1594 4143 1656 4217 ubi

247 4263 448 4350 potestatem
472 4257 617 4350 babeat,
645 4282 712 4334 nec
735 4262 888 4358 aliquam
910 4263 1224 4340 confederationem
1247 4288 1327 4340 cum
1350 4267 1401 4342 eis
1424 4268 1543 4359 faciet,
1563 4279 1657 4365 post·

248 4400 354 4473 quarn
375 4379 413 4454 id
436 4381 551 4478 ipsum
576 4385 680 4458 luerit
707 4383 941 4481 significatum
963 4389 1077 4464 eidem
1102 4391 1190 4488 regi.
1207 4393 1257 4466 De
1278 4414 1361 4488 rege
1379 4393 1505 4487 Anglie
1523 4395 1575 4468 sic
1594 4397 1660 4470 erit

248 4503 344 4598 quod
360 4506 492 4584 nnllam
510 4529 590 4582 cunr
607 4531 649 4584 eo
670 4511 836 4586 faciemus
854 4513 1167 4600 confederationem
1185 4537 1250 4591 uec
1274 4539 1354 4592 cum
1374 4517 1563 4594 heredibus
1586 4521 1660 4594 suis

249 4649 314 4701 nec
330 4652 352 4704 a
370 4633 497 4706 nostris
513 4631 588 4709 freri
611 4635 848 4732 permittemus
873 4639 1085 4736 ubicumque
1112 4650 1315 4737 potestatem
1346 4643 1560 4740 impediendi
1589 4643 1661 4722 ha-

249 4752 404 4830 beamus.
441 4759 538 4833 Hane
567 4771 683 4836 autem
711 4763 1024 4840 confederationem
1052 4768 1269 4866 precepimus
1297 4779 1332 4844 et
1356 4769 1573 4865 injunximus
1599 4773 1662 4869 ju-
