4330 5914
558 579 618 642 eae
1057 579 1270 644 rnrnsnrcr
1295 581 1471 644 sueuunr
1781 583 1863 670 [sn.
1883 585 1969 648 teau

643 712 771 796 (Edlder.
785 713 911 788 muros,
925 713 1022 776 Notis.
1034 714 1117 776 teor.
1127 714 1222 797 suppl.
1240 713 1286 778 da’
1298 718 1383 778 nicar.
1399 718 1514 798 imper..
1528 723 1553 782 t.
1568 719 1629 792 XI,
1644 735 1676 798 p.
1692 719 1894 794 (tm-Lam,
1905 721 1972 780 Ho-

679 828 811 882 nument.
830 818 921 882 eccles.
945 817 1088 898 Floreat,
1104 829 1128 884 t.
1145 825 1175 900 1,
1190 841 1221 902 p.
1238 833 1307 886 tat.
1323 824 1421 886 Ambo
1441 831 1540 886 umen
1562 842 1681 888 erronee
1694 826 1733 888 ad
1752 843 1824 888 ann.
1841 837 1921 888 12⁴2
1941 845 1971 888 sc

680 927 827 1002 referunt,
841 945 933 1006 quum
948 934 1022 988 tuno
1042 933 1183 1008 temporis
1201 931 1265 992 dux
1281 931 1391 1010 Spoleti
1408 931 1491 992 nullo
1503 932 1592 992 modo
1604 933 1728 994 madae
1741 934 1857 1012 legatus
1868 933 1968 995 fuerit.

679 1035 754 1097 Vlde
768 1051 868 1114 sopra,
883 1051 913 1113 p.
930 1033 1013 1111 678.)

608 1246 795 1320 llainaldns
812 1247 875 1318 Dei
893 1245 1002 1341 gratia
1016 1247 1092 1320 dux
1108 1249 1235 1344 Spoleti
1247 1258 1283 1323 et
1299 1251 1403 1322 totius
1420 1251 1543 1323 Tuscia
1559 1251 1706 1344 legatus,
1723 1250 1898 1322 universis
1910 1271 1970 1345 per

562 1373 720 1444 Tusciam
738 1371 929 1444 constitutis
947 1373 1079 1468 imperii
1091 1372 1271 1468 fidelibus,
1287 1374 1423 1449 dilectis
1441 1375 1561 1447 amicis
1578 1375 1664 1462 suis,
1681 1375 1826 1446 salutem
1844 1385 1880 1445 et
1897 1374 1968 1446 sin·

562 1518 679 1570 oerum
703 1497 895 1570 dilectionis
918 1497 1091 1571 allectum.
1120 1499 1204 1572 Cum
1230 1522 1291 1595 pro
1318 1501 1437 1574 arduis
1467 1501 1598 1574 domini
1622 1501 1727 1572 nostri
1754 1499 1970 1594 imperatoris

562 1623 709 1716 negotiis
732 1617 989 1718 ad'peragenda
1004 1624 1140 1718 negotia
1156 1625 1279 1697 Tuscis
1295 1646 1509 1719 nequeamus
1526 1625 1748 1720 personaliter
1764 1623 1811 1696 ed
1830 1644 1969 1718 presens

562 1745 696 1833 edesse,
716 1743 926 1818 confidentes
944 1745 988 1818 de
1007 1746 1191 1841 prudentia
1212 1756 1246 1818 et
1264 1746 1470 1820 discretione
1486 1747 1612 1820 nobilis
1631 1746 1697 1818 viri
1720 1744 1853 1818 domini
1874 1747 1969 1818 Ave·

561 1869 654 1942 rardi
668 1869 841 1942 castellani
858 1870 973 1942 Sancti
986 1871 1150 1958 Miniatie,
1165 1870 1281 1944 dilecti
1300 1871 1435 1966 nepotis
1453 1870 1572 1963 nostri,
1585 1891 1627 1943 ac
1640 1869 1686 1942 de
1697 1871 1807 1965 ipsius
1822 1871 1968 1943 circum·

561 1996 734 2091 spectione
751 1994 981 2068 indubitatam
999 2005 1154 2088 gerentes
1172 1993 1352 2081 fiduciam,
1373 1995 1503 2088 ubique
1525 2015 1587 2090 per
1605 1994 1764 2066 Tusciam
1782 2016 1886 2090 snper
1904 1995 1968 2066 im·

562 2119 650 2214 perii
666 2119 812 2212 negotiis
835 2117 1020 2190 tractandis
1038 2125 1073 2189 et
1088 2117 1274 2208 iaciendis,
1295 2117 1361 2189 sibi
1383 2117 1495 2188 vicem
1514 2118 1801 2189 etauctoritatem
1819 2127 1967 2190 nostram

563 2243 701 2340 plenius
719 2241 886 2315 duximus
900 2241 1177 2316 committendam
1192 2253 1226 2315 et
1244 2243 1356 2336 ipsum
1370 2243 1538 2314 vicarium
1554 2253 1707 2315 nostrum
1726 2243 1920 2335 generalem
1936 2255 1970 2314 et

565 2365 748 2461 specialem
775 2387 879 2460 snper
906 2365 1068 2460 predictis
1096 2367 1257 2438 omnibus
1279 2368 1517 2440 constituimus
1544 2365 1760 2458 exercendis,
1792 2376 1904 2440 ratum
1936 2379 1969 2440 et

565 2489 702 2562 firmum
720 2489 885 2562 babentes
900 2489 1070 2585 quicquid
1087 2491 1217 2565 exinde
1234 2491 1376 2564 duxerit
1392 2492 1600 2566 laciendum.
1622 2493 1737 2576 Quare
1754 2491 1967 2565 universitati

562 2621 676 2686 vestre
694 2615 894 2686 auctoritate
911 2615 1078 2709 imperiali
1095 2637 1166 2710 qua
1192 2617 1369 2710 fungimur
1386 2617 1453 2688 snb
1478 2615 1595 2688 debito
1622 2615 1795 2688 fidelitatis
1818 2639 1888 2710 qua
1903 2617 1967 2686 im-

562 2739 660 2834 perio
685 2738 848 2812 tenemini
876 2737 1028 2811 districte
1056 2741 1278 2834 precipiendo
1305 2741 1511 2814 mandamus
1544 2747 1716 2835 quotenus
1744 2740 1776 2812 ei
1803 2749 1966 2835 tanquam

564 2861 693 2935 vicario
707 2871 823 2934 nostro
839 2862 883 2935 de
903 2863 1064 2935 omnibns
1081 2885 1150 2958 que
1166 2865 1212 2937 ad
1228 2864 1410 2961 imperium
1427 2864 1598 2960 pertinent
1618 2864 1759 2936 obedire
1781 2863 1918 2959 plenius
1934 2875 1967 2936 et

563 2987 741 3060 intendere
760 2987 931 3079 debeatis;
952 2987 1000 3060 ite
1016 2987 1112 3082 quod
1132 2987 1226 3084 apud
1241 2989 1420 3062 dominum
1436 2999 1589 3062 nostrum
1604 2989 1844 3083 imperatorem
1859 2987 1967 3062 devo·

561 3113 689 3184 tionem
706 3121 855 3184 vestram
873 3111 1114 3184 commendare
1129 3113 1320 3208 possimus,
1341 3122 1377 3186 et
1391 3111 1492 3184 vobis
1509 3112 1712 3207 generaliter
1725 3121 1760 3184 et
1775 3111 1967 3207 specialiter

559 3243 657 3328 grata
672 3233 881 3328 respondere
896 3233 1135 3308 vicissitudine
1150 3243 1338 3307 teneamur.
1362 3237 1427 3308 Pro
1450 3243 1543 3308 certo
1567 3237 1714 3308 scientes
1739 3235 1836 3329 qnod
1863 3235 1966 3330 quic-

560 3356 647 3450 quid
669 3356 743 3451 ipse
766 3357 882 3429 lecerit
897 3357 953 3430 vel
971 3358 1170 3453 imposuerit
1193 3369 1261 3430 tam
1282 3360 1317 3430 in
1337 3361 1435 3454 penis
1457 3369 1492 3432 et
1508 3359 1633 3432 bandis
1649 3357 1722 3456 (sic)
1736 3381 1842 3454 quam
1862 3381 1967 3456 super

563 3481 685 3553 ceteris
697 3481 785 3574 aliis,
795 3489 959 3576 tanquam
971 3503 992 3555 a
1006 3505 1148 3578 persona
1164 3493 1280 3557 nostra
1291 3485 1419 3556 tactum
1433 3493 1467 3556 et
1477 3485 1702 3580 compositum
1716 3495 1820 3580 atque
1830 3493 1964 3579 gesturo

561 3606 798 3700 reputabimus
814 3615 849 3679 et
867 3605 1003 3679 firmum
1020 3607 1237 3680 habebimus.

607 3731 732 3801 Datum
747 3731 865 3826 Rome,
887 3731 1041 3806 secundo
1059 3731 1268 3823 novembris,
1290 3733 1352 3804 XV
1369 3731 1567 3804 indictione.

804 4101 943 4110 ..ι--..η-
949 4101 1144 4110 -η--ι--ι
1150 4101 1306 4109 --—-——-.
1313 4100 1375 4108 -ι
1383 4099 1499 4109 ——.
1509 4099 1717 4108 ω-

612 4414 777 4498 Tbomas
795 4440 922 4498 comes
941 4414 1172 4522 Sabeudiae,
1196 4415 1358 4498 vicarius
1380 4415 1421 4496 in
1439 4413 1665 4498 Lombardie
1683 4411 1861 4496 Friderioi
1877 4409 1962 4494 llo-

558 4573 760 4632 manorum
779 4549 1034 4658 imperatoris,
1054 4549 1213 4660 Ugolino
1225 4549 1468 4633 Donedemae
1485 4548 1659 4658 potestati
1672 4545 1859 4628 Massiliae
1875 4567 1962 4652 pro-

558 4680 777 4762 missionem
809 4682 1026 4764 solemniter
1055 4681 1159 4791 jurat
1189 4684 1238 4764 de
1266 4681 1526 4790 jurisdictione
1562 4678 1754 4763 ordinaria
1786 4688 1823 4760 et
1858 4699 1961 4758 mero
