4326 5910
206 613 304 676 lunser.
323 607 382 686 la]
653 603 850 666 lilS'l'Olllll
873 605 1163 668 lllPLOltlll'l'lGll.
1559 603 1620 664 843

206 740 501 828 Schelteraheim
527 765 617 824 cum
643 739 824 822 omnibus
841 739 950 823 bonis
968 740 1050 852 ejus
1069 742 1141 826 sub
1161 767 1230 825 sua
1248 751 1285 824 et
1301 739 1448 850 imperii
1467 739 1620 852 speciali

205 877 437 990 protectione
449 873 596 986 recipit,
613 873 818 986 statuitque
831 885 874 958 ut
887 875 1036 959 nullum
1054 885 1202 987 praeter
1220 875 1401 986 seipsum
1419 899 1623 986 recognos-

206 1021 270 1096 cat
287 1013 526 1096 advocatum.

291 1227 389 1307 (Edld.
405 1228 646 1300 ulrssrmmr,
662 1221 881 1306 Dtplomottrct.
895 1225 1016 1286 nmero
1032 1227 1080 1287 dn
1096 1227 1206 1288 Homer
1223 1223 1400 1304 Hotenbltae,
1415 1232 1439 1286 t.
1455 1226 1486 1302 l,
1501 1225 1625 1306 heylage

330 1351 363 1396 ιιο
374 1337 464 1409 XIX,
478 1351 509 1414 p.
528 1342 606 1413 395,
621 1349 660 1394 ex
673 1335 778 1412 orlgln.
793 1335 824 1393 ln
838 1333 949 1394 archiv.
961 1333 1101 1416 Hohenl.)

259 1525 427 1598 Henricus
446 1523 509 1596 Dei
533 1522 644 1618 gratia
669 1523 897 1594 Romanorum
924 1543 987 1595 rex
1010 1533 1044 1596 et
1070 1545 1207 1620 semper
1233 1533 1423 1619 augustea,
1453 1525 1626 1598 universis

211 1649 346 1746 imperii
366 1649 527 1723 fidelibus
543 1647 671 1743 quibus
686 1647 749 1719 hee
763 1647 891 1742 pagina
912 1657 1047 1722 ostensa
1067 1649 1169 1722 fuerit
1188 1650 1332 1745 gratiam
1350 1672 1448 1722 suam
1467 1659 1501 1723 et
1523 1671 1625 1724 omne

210 1777 355 1849 bonum.
366 1773 608 1870 significamus
619 1773 721 1847 vobis
731 1773 826 1868 quod
837 1793 900 1846 nos
911 1784 1119 1848 conventum
1131 1785 1165 1849 et
1178 1776 1421 1849 monasterium
1431 1775 1476 1849 de
1485 1774 1625 1872 Schepl-

211 1900 364 1975 lirsheim
381 1923 461 1974 cum
478 1899 639 1974 omnibus
657 1898 758 1972 bonis
774 1899 847 1972 suis
865 1899 931 1972 sub
952 1913 1103 1974 nostram
1121 1911 1155 1974 et
1175 1902 1311 1998 imperii
1328 1901 1511 1998 specialem
1530 1924 1625 1977 rece·

99 2021 107 2032 ⁶
211 2027 328 2126 pimus
345 2027 609 2124 protectionem,
631 2031 818 2098 statuentes
841 2035 876 2100 et
892 2027 1045 2101 volentes
1068 2038 1107 2099 ut
1121 2028 1193 2120 jam
1213 2027 1295 2101 dicti
1316 2028 1515 2101 monasterii
1537 2051 1626 2100 con-

210 2162 357 2245 ventus,
379 2152 462 2247 quia
486 2152 599 2248 ipsum
616 2151 861 2223 monasterium
886 2151 920 2223 in
941 2152 1049 2227 tundo
1066 2153 1261 2250 patrimonii
1282 2153 1389 2227 nostri
1406 2165 1536 2228 constat
1550 2177 1626 2228 esse

212 2279 415 2371 fundatum,
436 2279 570 2350 nullum
585 2299 691 2373 super
706 2299 744 2350 ee
769 2285 804 2350 et
821 2278 912 2351 bona
936 2301 999 2352 sna
1018 2289 1236 2376 preterquam
1255 2303 1318 2353 nos
1333 2289 1557 2374 recognoscat
1571 2279 1628 2354 vel

211 2414 326 2478 teneat
344 2403 564 2478 advocatum.
589 2402 797 2477 Mandemus
815 2403 920 2498 igitur
941 2413 975 2477 et
997 2405 1063 2477 sub
1088 2427 1176 2500 pena
1201 2405 1311 2500 gratie
1335 2414 1450 2479 nostre
1475 2405 1628 2479 districte

212 2531 425 2628 precipimus
448 2539 488 2601 ut
508 2531 625 2602 nullus
640 2529 685 2602 sit
704 2529 765 2623 qui
782 2549 887 2625 super
904 2529 1018 2625 ipsum
1034 2531 1280 2603 monasterium
1297 2531 1354 2603 vel
1372 2531 1465 2604 bona
1487 2553 1551 2605 sua
1565 2533 1628 2605 ali·

212 2679 318 2752 quem
339 2656 371 2730 ei
394 2655 611 2729 advocatiam
631 2655 758 2728 audeat
778 2653 965 2728 vendicare
981 2655 1036 2727 vel
1056 2655 1244 2751 dampnum
1263 2655 1348 2752 ipsis
1365 2666 1425 2728 aut
1441 2679 1629 2753 gravamen

212 2779 352 2876 aliquod
383 2781 547 2874 irrogare.
573 2778 676 2865 Quod
696 2779 756 2874 qui
780 2779 896 2853 iecerit
917 2791 1067 2853 nostram
1090 2789 1124 2854 et
1144 2782 1278 2878 imperii
1298 2783 1464 2856 offensam
1487 2805 1525 2857 se
1546 2785 1630 2858 sciat

212 2905 364 3002 graviter
385 2906 618 2979 incursurum.
636 2903 693 2978 Ad
709 2905 774 2979 hec
791 2885 952 2979 volumus
969 2916 1007 2979 ut
1028 2907 1201 3003 sepefatus
1218 2919 1412 2982 conventus
1428 2909 1576 2982 lesiones
1596 2919 1630 2983 et

213 3033 416 3128 gravamina
429 3054 506 3121 sna,
521 3033 550 3104 si
566 3054 636 3106 nou
650 3031 874 3128 personaliter
888 3031 924 3104 in
938 3031 1006 3105 hiis
1019 3033 1175 3128 partibus
1189 3033 1393 3127 existamus,
1407 3033 1501 3108 fideli
1515 3045 1630 3108 nostro

214 3159 359 3232 sculteto
380 3159 425 3233 de
449 3159 656 3232 llotemburc
678 3169 941 3253 conquerantur.
971 3157 1027 3234 Ad
1049 3157 1153 3254 hujus
1174 3159 1224 3233 rei
1244 3169 1395 3234 eternam
1418 3159 1627 3234 evidentiam

213 3286 407 3382 presentem
430 3283 576 3358 litteram
598 3283 710 3379 sigillo
729 3293 844 3355 nostro
858 3283 1025 3376 jussimus
1042 3285 1212 3380 insigniri.
1327 3369 1330 3375 ¹

264 3413 388 3485 Datum
406 3409 501 3508 apud
513 3409 712 3506 wirzburg,
727 3409 790 3482 llll
806 3407 972 3484 kalendas
983 3409 1087 3505 junii,
1110 3409 1298 3486 indictione
1316 3410 1406 3486 lllll.

1105 3709 1387 3720 ..-—-——-—-

269 3986 478 4095 Hennaea,
497 3987 757 4074 Romanorum
783 4013 874 4095 ren,
903 3988 1177 4072 monasterium
1200 3988 1400 4073 Scotorum
1416 3997 1455 4072 et
1471 3987 1627 4100 Hyber-
1666 4008 1805 4121 ⁸1¹3pr

216 4122 409 4206 niensium
423 4124 720 4236 Nmembergae‚
740 4125 790 4208 ab
807 4125 1109 4210 antecessoribus
1128 4126 1207 4210 auis
1224 4125 1379 4246 regibus
1401 4134 1439 4208 et
1459 4124 1629 4236 impera·-
1698 4121 1782 4176 ΨΜ·
1807 4097 1815 4122 ’

217 4258 364 4343 toribus
381 4269 663 4367 constructum,
680 4261 917 4372 amplissimo
935 4261 1118 4346 libertatis
1132 4261 1329 4374 privilegio
1346 4261 1490 4370 munit,
1511 4259 1626 4344 simul

216 4420 293 4506 que
318 4393 401 4504 ejus
426 4396 682 4506 possessiones
701 4423 745 4480 ac
762 4397 963 4480 donatores
990 4393 1209 4481 nominibus
1231 4397 1419 4508 designet.

299 4581 379 4664 (lldlt
391 4585 424 4644 ln
435 4585 870 4668 Wcmm,11oor.diplom.
886 4585 1029 4664 carme,
1047 4597 1096 4664 5⁰,
1112 4598 1145 4650 ι’
1160 4587 1428 4668 c.-1nsmurz,
1445 4585 1533 4670 dorp.
1549 4588 1624 4650 not.

336 4688 515 4768 amntem,
538 4695 674 4774 dlplom.,
698 4695 740 4760 lv
761 4697 871 4758 ebthcll
891 4707 939 4773 63,
955 4707 988 4758 ιι·
1003 4705 1053 4757 27.
1070 4729 1110 4742 -
1125 4697 1162 4758 ln
1175 4697 1402 4766 Flammarum,
1420 4693 1487 4758 Cod
1506 4693 1624 4778 άὶρὶοιιι.

337 4795 439 4882 Antip.
454 4799 578 4885 aurp„
598 4806 662 4867 slve
681 4810 758 4883 pert.
774 4805 828 4885 lv,
847 4815 896 4882 4⁵,
911 4815 945 4868 ιι·
959 4815 1007 4868 29.
1024 4835 1066 4853 -
1083 4807 1118 4868 In
1136 4805 1338 4880 Ussmnsuu,
1360 4801 1431 4868 Cod.
1452 4801 1569 4887 dapum.
1586 4803 1629 4868 ad
