4324 5916
743 567 1053 632 contradente.
1545 563 1606 626 933

189 709 308 784 bnissa
322 715 511 796 constaret,
525 725 603 780 eam
615 706 651 780 in
668 725 715 780 se
725 727 834 780 unum
852 704 1094 802 indignitatem
1110 725 1175 778 nec
1185 701 1363 776 v(iniliclmi
1382 699 1473 796 regis
1486 721 1604 774 ovon-

189 835 261 908 culi
280 833 318 906 in
337 834 528 907 Romanam
549 829 738 904 Ecclesium
759 829 929 904 beneficia
953 851 1019 904 nec
1041 828 1192 926 ponentis
1212 825 1350 900 llenrici
1366 826 1603 900 liberalitatem

191 958 371 1032 meurisse.
395 955 590 1052 rhenique
608 954 645 1028 in
662 955 728 1028 bas
744 956 969 1030 contumelias
992 976 1055 1052 per
1072 952 1288 1028 iracundiam
1306 951 1503 1048 prorupisse
1522 971 1604 1024 oum

189 1085 306 1158 ierunt
327 1108 337 1156 ε
359 1081 586 1176 «Quousque
609 1079 751 1154 modam
780 1081 945 1177 patientie
970 1101 1048 1154 meo
1076 1079 1237 1154 abutatur
1263 1076 1439 1174 pontifex?
1463 1076 1605 1172 mondo

192 1231 211 1276 n
230 1204 410 1280 ambitioni
425 1225 510 1278 suue
523 1203 667 1278 modum
686 1205 838 1278 statuet?
855 1204 1076 1279 blarcualdns
1090 1202 1276 1276 Flaminiae
1291 1201 1492 1300 provinciae
1508 1221 1606 1274 meaa

192 1331 425 1428 »praelectus
447 1330 493 1404 ab
517 1329 716 1404 innocentio
740 1328 903 1426 pontilica
927 1330 1047 1422 tertio,
1073 1329 1159 1404 dum
1181 1327 1217 1401 in
1239 1327 1338 1400 cunis
1360 1347 1426 1422 ego
1447 1347 1601 1422 ugeram,

191 1483 210 1527 o
232 1455 379 1553 imperio
403 1454 557 1550 ejicitur,
577 1464 617 1527 ut
637 1475 694 1528 me
717 1454 883 1528 infantem
910 1455 1099 1529 exarchatu
1121 1454 1307 1528 Ravennae
1329 1451 1464 1548 spoliet.
1486 1451 1605 1526 Thoo-

193 1609 211 1651 ι)
231 1580 358 1655 baldus
374 1577 611 1678 (lliopuldns)
628 1579 832 1654 Picenorum
849 1588 984 1676 praetor
1003 1580 1048 1654 ab
1064 1578 1212 1653 ilenrico
1236 1577 1390 1674 genitore
1407 1576 1601 1666 institutus,

194 1730 213 1774 o
233 1727 254 1778 a
277 1701 439 1800 pontifice
463 1703 636 1798 exigitur,
650 1693 704 1776 'ut
725 1723 784 1778 mc
809 1705 994 1802 puerulum
1021 1705 1126 1780 etiam
1153 1705 1219 1778 bac
1245 1703 1397 1800 privaret
1419 1701 1599 1798 dignitate.

192 1853 211 1898 o
230 1829 422 1902 lletruriom
438 1828 524 1901 mibi
543 1827 752 1902 adolescenti
770 1828 971 1902 sublaturus
987 1849 1050 1926 per
1069 1829 1208 1927 nuptias
1223 1828 1422 1924 Philippum
1442 1835 1603 1924 patruum

193 1951 371 2026 »delusit
398 1952 607 2028 Fundanum
632 1952 833 2028 comitatum
858 1952 945 2027 mibi
972 1953 1020 2028 ad
1044 1954 1227 2052 imperium
1252 1963 1394 2027 evocato
1421 1952 1600 2042 emunxit3

193 2103 212 2146 s
233 2098 392 2151 coronam
411 2078 510 2152 liberi
535 2078 672 2175 imperii
696 2079 815 2152 multis
836 2079 1041 2154 muneribus
1061 2078 1248 2154 nundinari
1267 2100 1323 2152 me
1342 2078 1506 2175 oportuit.
1525 2079 1601 2152 lam

191 2229 210 2274 n
230 2213 265 2275 et
280 2203 533 2298 inperatoriam
548 2205 761 2300 majestatem
775 2226 882 2300 quam
899 2203 1063 2300 sulit-opio
1079 2203 1217 2302 proprio
1233 2203 1388 2301 pontifex
1403 2213 1511 2277 ratam
1529 2203 1601 2276 ha-

191 2355 211 2400 n
231 2328 326 2420 buit,
345 2329 558 2426 contemptui
576 2329 706 2403 babere
726 2329 861 2427 incipit.
886 2330 973 2417 Quia
993 2329 1085 2404 banc
1107 2330 1144 2402 in
1161 2327 1323 2426 pontifice
1348 2337 1601 2424 praeposteram

192 2455 320 2527 n'terat
331 2453 576 2528 ambitionem?
595 2457 662 2548 lle,
681 2457 875 2529 renuntiate
888 2457 1059 2548 Honorio,
1079 2476 1240 2530 coronam
1263 2475 1321 2528 me
1341 2454 1439 2551 prius
1460 2453 1601 2550 deposi-

192 2603 213 2652 o
234 2589 350 2652 turum
367 2601 474 2674 quam
489 2582 753 2656 commissurum
770 2591 810 2654 ut
825 2590 939 2656 mame
956 2580 1126 2674 majestati
1144 2601 1200 2654 me
1214 2579 1404 2682 imperante
1420 2577 1604 2654 diminutio

191 2729 211 2776 tt
232 2701 468 2778 inducatur.»

429 3016 1351 3032 ——Q--ffl

243 3290 440 3402 Specimen
477 3293 643 3378 militum
665 3303 832 3406 ¹propter
867 3295 1144 3404 expeditionem
1170 3296 1210 3380 in
1238 3295 1394 3382 Terram
1425 3296 1603 3382 Sanctam

188 3435 522 3537 ‘dssdfesslwfflffl-

238 3639 278 3713 ln
301 3642 424 3716 eodem
453 3665 545 3718 anno
566 3644 662 3722 4226
683 3645 718 3720 lo
746 3645 862 3720 abbati
888 3641 1069 3742 Aymerico
1097 3643 1152 3746 [di
1176 3641 1309 3746 Nardo]
1334 3645 1484 3720 manduc
1506 3645 1605 3721 diece

188 3765 313 3839 soldati
331 3789 375 3862 pa
395 3767 429 3840 la
445 3768 564 3842 lettera
583 3769 629 3844 de
646 3771 681 3844 lo
697 3793 788 3868 papa
806 3793 827 3844 a
845 3771 878 3844 la
896 3781 1019 3845 cetlole
1032 3771 1076 3844 dc
1089 3771 1247 3845 Brindesi
1265 3793 1328 3867 per
1343 3770 1472 3846 andere
1485 3772 1531 3846 nd
1549 3773 1604 3847 Ja-

186 3891 338 3966 rosolem
358 3901 485 3990 contro
498 3893 522 3966 li
541 3897 695 3970 Saracini
713 3897 780 3994 (l).
806 3897 1087 3972 commederit.
1116 3921 1175 3994 ep.
1200 3899 1394 3990 Macareus,
1422 3895 1600 3991 sciptor„

222 4145 264 4221 (l)
280 4145 350 4204 lloic
365 4147 425 4206 loco
434 4147 507 4206 benc
518 4155 610 4207 notam
622 4149 698 4208 rddit
709 4149 797 4209 editor
810 4150 950 4224 Talmios,
963 4155 995 4207 nt
1004 4149 1143 4225 sequitur:

193 4275 198 4282 -
223 4263 238 4298 a
252 4243 305 4303 Tra
319 4244 344 4302 la
357 4246 439 4306 molto
451 4247 577 4306 scrlttum
591 4247 699 4306 antiche
711 4247 737 4306 le
750 4248 825 4321 quali
839 4247 863 4306 si
882 4263 1049 4308 consorsm
1065 4249 1111 4306 nel
1124 4248 1271 4307 monistero
1286 4249 1314 4324 di
1331 4249 1421 4307 donne
1433 4249 1564 4308 monache
1575 4251 1604 4308 dl

185 4349 283 4416 quoa
294 4344 360 4400 citta
373 4344 401 4400 di
414 4345 515 4416 Nardc,
529 4351 601 4404 sotto
614 4346 633 4403 il
647 4345 722 4404 titolo
734 4345 762 4404 di
774 4347 856 4406 santa
866 4346 972 4418 chiara,
983 4348 1006 4404 si
1020 4353 1114 4404 truom
1127 4363 1163 4403 un
1174 4347 1253 4420 loglio
1265 4347 1310 4404 nel
1323 4347 1441 4406 incolet
1456 4347 1524 4405 dove
1535 4363 1603 4406 sono

186 4439 271 4496 notai
283 4441 346 4498 tutti
365 4441 402 4516 gli
421 4443 600 4516 moirescovi,
618 4443 725 4502 vescovi
738 4443 772 4500 ed
787 4443 860 4502 abati
873 4443 941 4501 ddla
954 4445 1091 4519 provincia
1103 4443 1251 4518 d'Otsanto,
1265 4443 1274 4502 i
1287 4445 1360 4520 quali
1375 4443 1537 4504 mandnrono
1550 4444 1603 4504 sol·

183 4534 930 4616 detiperquallaguermededolaoguentetenore:

222 4632 546 4712 inprovisos'clapipr'or
556 4653 604 4697 rao
615 4645 701 4696 terroe
713 4639 890 4696 nmmum.-

225 4731 389 4793 l'cuerobs'lir
399 4733 503 4810 depone
518 4739 734 4814 mta‘rpioeopsr
749 4737 911 4797 Tmticot
923 4738 1000 4814 offert
1011 4738 1113 4815 pedites
1125 4741 1279 4816 qcioparct
1292 4745 1345 4798 trec
1354 4740 1508 4815 quitte-
1522 4739 1605 4797 Verre-
