4330 5914
191 623 369 708 lsnrcr.10.]
640 619 838 684 HISTORIA
863 617 1157 682 nlltoultllca.
1550 616 1610 678 '143

191 765 325 838 lebrare
340 761 488 851 debent,
507 770 618 834 ratem
635 757 805 833 habemus
822 767 858 832 et
875 757 1027 854 presenti
1042 757 1171 853 scripto
1193 754 1450 845 confirmamus,
1470 755 1605 828 nullum

192 910 262 984 que
283 887 321 960 in
339 885 506 982 predictis
530 884 653 973 bonis,
674 884 764 957 sicut
784 885 857 977 jum
882 882 966 956 dicti
991 881 1123 954 domini
1149 889 1360 972 statuerunt,
1387 888 1606 976 preterquam

192 1011 376 1108 imperium
390 1021 426 1084 et
440 1031 505 1084 nos
520 1011 684 1084 volumus
695 1031 851 1104 unquam
871 1029 949 1081 esse
961 1006 1189 1099 advocatum
1210 1015 1400 1082 statuentes
1414 1014 1448 1078 et
1463 1004 1607 1078 firmiter

191 1137 421 1233 precipientes
438 1143 478 1210 ut
489 1135 583 1210 idem
599 1125 795 1210 sacerdotes
811 1133 934 1208 eadem
952 1133 1045 1207 bona
1058 1133 1095 1204 in
1112 1155 1198 1230 pace
1217 1141 1356 1206 teneant
1371 1142 1407 1206 et
1421 1131 1608 1204 cumomni

188 1262 268 1354 jure
296 1271 331 1334 et
363 1262 479 1334 fructu
509 1259 719 1356 percipiunt,
750 1260 936 1353 nullusque
971 1258 1150 1332 hominum
1181 1258 1415 1354 predictorum
1438 1257 1608 1331 bonorum

193 1385 326 1460 ratione
348 1381 531 1460 advocatie
552 1385 609 1459 vel
627 1385 774 1477 alicujus
792 1383 967 1480 petitionis
990 1392 1051 1458 aut
1078 1384 1269 1458 exactionis
1293 1405 1458 1478 gravere,
1484 1383 1610 1456 moles·

193 1520 266 1584 tare
286 1519 348 1584 aut
369 1510 571 1606 perturbere
593 1517 787 1605 presumst3
811 1517 846 1582 et
869 1509 978 1602 major
1002 1508 1154 1584 decenus
1177 1509 1378 1584 Leodiensis
1400 1508 1526 1582 habeut
1545 1529 1609 1604 po·

193 1643 350 1708 testatem
375 1633 440 1708 has
463 1634 660 1730 prehendas
683 1632 924 1723 sacerdotum,
949 1657 1028 1708 cum
1051 1655 1111 1708 eos
1136 1634 1224 1708 mori
1248 1634 1446 1728 contigerit,
1470 1634 1507 1706 in
1522 1633 1609 1708 alios

194 1759 339 1832 idoneos
363 1759 514 1834 locandi.
539 1761 576 1832 Si
596 1759 685 1854 quid
702 1761 804 1834 etiam
825 1759 1016 1854 questionis
1047 1769 1108 1834 aut
1130 1759 1341 1855 gravaminis
1363 1759 1527 1855 predictis
1554 1781 1610 1834 sa·

193 1885 392 1959 cerdutibus
409 1895 470 1958 ant
486 1885 688 1959 homiuibus
704 1887 905 1960 eorumdem
923 1887 1092 1960 bonorum
1109 1887 1226 1983 aliquo
1241 1909 1323 1960 casu
1335 1887 1528 1982 contigerit,
1541 1909 1609 1962 vo·

194 2011 312 2082 lumus
331 2020 367 2083 et
390 2009 533 2084 firmiter
552 2012 764 2108 precipimus
779 2020 819 2084 ut
838 2012 906 2084 hoc
930 2033 994 2086 vos
1013 2013 1089 2085 vice
1106 2021 1222 2088 nostra
1242 2013 1346 2109 plene
1361 2021 1396 2086 et
1415 2013 1608 2088 secundnm

191 2135 360 2228 justitiam
375 2135 568 2210 emendetis
582 2138 715 2231 absque
727 2137 821 2209 omni
836 2136 965 2210 honere
982 2146 1017 2209 et
1033 2137 1175 2212 servitio
1192 2136 1422 2226 secerdotum,
1438 2138 1607 2212 bonorum

195 2271 230 2334 et
251 2259 433 2334 hominum
453 2261 669 2336 eorumdem.
689 2261 858 2335 Volumus
876 2262 983 2334 etiam
1000 2269 1035 2334 et
1050 2259 1193 2335 firmiter
1209 2262 1421 2359 precipimus
1437 2263 1534 2357 quod
1553 2262 1607 2337 di·

196 2387 305 2460 lectus
321 2396 437 2460 noster
451 2388 494 2459 Η.
513 2387 590 2460 dux
602 2386 821 2482 lothoringie
835 2386 891 2460 vel
905 2387 1032 2482 aliquis
1045 2408 1110 2483 pro
1121 2408 1176 2479 eo,
1189 2387 1321 2462 ratione
1339 2387 1507 2462 bonorum
1524 2410 1610 2462 nos-

196 2521 327 2586 trorum
346 2511 392 2585 de
407 2513 560 2606 Trajecto
579 2513 636 2588 vel
651 2513 800 2604 alicujus
817 2511 1082 2606 commissionis,
1102 2513 1148 2587 dc
1165 2511 1347 2587 advocatia
1358 2513 1513 2610 predicte
1528 2514 1611 2589 ville

194 2643 231 2708 et
243 2634 423 2708 hominnm
440 2658 479 2710 se
494 2637 645 2733 amplius
661 2636 758 2712 nullo
771 2635 877 2710 modo
892 2637 1105 2711 intromittet.

244 2762 371 2834 Datum
404 2761 616 2858 Aquisgrani
651 2772 729 2859 post
764 2771 916 2836 nostram
949 2765 1202 2839 coronationem
1237 2761 1309 2860 (a),
1347 2785 1439 2838 anno
1471 2765 1608 2839 Domini

195 2887 245 2959 ltl⁰
260 2885 323 2960 CC'
339 2887 464 2980 XXIP,
489 2887 680 2962 indictione
697 2888 852 2982 decimo,
874 2885 1014 2987 [quinto
1032 2889 1113 2964 idus
1127 2890 1210 2963 maii
1228 2888 1242 2986 (
1267 2887 1315 2988 )].

1107 3141 1391 3152 -—-·-—--—---—

103 3394 106 3400 '
249 3387 454 3497 chricus‚
478 3390 739 3475 Romanorum
765 3419 851 3499 rex,
876 3394 1038 3478 ilenrico
1054 3395 1142 3480 duci
1160 3395 1427 3508 lotharingiae
1447 3407 1485 3482 et
1508 3397 1611 3482 Bra·
1642 3421 1815 3533 mappam,

194 3521 349 3608 bantiae
374 3524 505 3608 omnia
530 3524 633 3610 bona
653 3551 753 3636 quae
773 3527 972 3638 Philippus
998 3529 1102 3640 apud
1121 3529 1400 3616 Confluentiam
1418 3542 1455 3616 et
1472 3532 1611 3618 Fride-
1690 3532 1757 3576 Μ·

194 3657 299 3742 ricus
319 3669 428 3769 pater
445 3685 538 3744 suus
559 3661 662 3770 apud
683 3659 955 3746 Frankfurtum
973 3665 1008 3747 ei
1030 3664 1071 3746 in
1089 3675 1236 3748 rectum
1261 3665 1419 3751 feudum
1446 3693 1610 3755 conces-

196 3803 352 3901 serunt,
372 3793 454 3903 ipse
466 3794 515 3878 de
527 3794 687 3879 consilio
700 3805 740 3880 et
751 3795 947 3882 uoluntate
958 3798 1175 3910 principum
1188 3801 1372 3886 concedit.

275 3983 366 4061 (solt.
380 3999 427 4062 sp.
442 3985 599 4060 Burms,
618 3984 758 4067 rroptta
770 3983 811 4048 du
823 3985 967 4069 Bratunt,
981 3995 1006 4052 t.
1018 3991 1044 4065 1,
1058 4007 1087 4070 p.
1104 3999 1152 4054 os.
1165 4021 1205 4037 -
1216 3989 1344 4067 limans,
1360 3989 1612 4056 Clurtcrlcelrrler

317 4106 397 4170 prun
415 4108 474 4152 oon
494 4089 633 4170 Holland,
652 4099 677 4154 t.
694 4095 721 4170 1,
735 4111 767 4172 p.
784 4103 853 4171 18⁰,
869 4111 886 4157 e
902 4095 1016 4160 Diuter.
1031 4097 1137 4160 Ghrnn.
1155 4099 1246 4162 Brcb.
1261 4099 1348 4163 MSS.
1365 4101 1418 4162 llb.
1435 4101 1488 4178 lv,
1507 4119 1535 4164 c.
1557 4111 1606 4164 tu.

316 4226 358 4240 -
370 4196 519 4273 Bounsu,
540 4196 732 4261 thrtcrbcelr
744 4197 795 4261 der
806 4201 926 4285 Hntoq.
943 4221 1001 4266 uun
1016 4201 1190 4280 Goldcrl.‚t.
1207 4207 1233 4281 l,
1248 4222 1279 4286 p.
1296 4215 1364 4270 ³20.
1381 4209 1452 4271 Cull.
1472 4225 1542 4272 cum
1556 4225 1610 4272 co·

318 4301 384 4364 dics
396 4303 473 4366 Bibl.
487 4321 551 4385 reg.
568 4306 784 4384 Bruxellensts,
797 4308 855 4371 sub
867 4319 902 4370 n·
921 4309 1044 4392 tuoto.)

241 4433 283 4516 (a)
307 4435 554 4502 contrectationem
566 4442 599 4502 ln
610 4442 677 4504 cod.
692 4442 805 4505 lefort.

234 4672 273 4747 (l)
292 4672 381 4744 Quum
392 4678 496 4738 notatio
508 4677 561 4737 disi
574 4675 604 4737 et
614 4679 716 4739 mensis
728 4681 757 4739 in
769 4681 861 4741 codice
872 4681 1037 4744 Bruxellensi
1047 4684 1169 4762 uncus,
1182 4685 1339 4764 supplemus
1349 4703 1383 4750 cx
1394 4689 1516 4767 camneti
1528 4690 1557 4750 in
1567 4706 1611 4751 cc·

197 4766 357 4830 metuont
369 4783 401 4830 n⁰
414 4778 460 4848 ⁴8,
474 4774 495 4833 i.
510 4777 559 4850 92,
575 4777 648 4852 apud
661 4777 805 4853 Leodium,
820 4782 991 4858 namnipto.
