4330 5914
561 582 621 644 'lod
1058 580 1274 642 llllllllllllcl
1299 581 1474 643 suctum
1787 585 1868 662 [Ara.
1888 585 1972 646 1227.

563 716 630 788 nisi
654 715 856 810 tempestive
871 721 1107 786 occurreretur
1124 725 1281 809 poterant
1304 716 1457 788 evenire.
1482 717 1560 810 lpso
1584 718 1692 810 igitur
1714 718 1919 812 imperatore
1935 740 1977 790 ao

563 841 664 912 vobis
678 849 786 910 totum
804 838 918 932 ipsum
935 839 1111 931 negotium
1134 838 1171 908 in
1195 848 1310 910 nostra
1332 850 1366 912 et
1390 841 1530 912 fratrum
1547 817 1740 914 nostrorum
1759 843 1976 936 providentia

563 975 599 1035 et
616 963 839 1056 dispositione
859 963 965 1034 libere
984 983 1025 1034 ac
1041 963 1198 1034 absolute
1216 964 1423 1057 ponentibus
1441 963 1548 1057 idque
1563 964 1818 1038 declarantibus
1837 989 1899 1060 per
1918 967 1976 1038 lit·

564 1097 653 1159 teras
673 1096 708 1158 et
727 1087 867 1182 publica
887 1087 1129 1177 instrumenta,
1157 1107 1291 1160 necnon
1311 1109 1372 1182 per
1389 1089 1560 1161 solemnes
1576 1099 1813 1183 precumtoree
1829 1099 1866 1160 et
1883 1111 1976 1162 nun-

563 1211 629 1282 tios
646 1219 785 1305 propter
800 1210 867 1282 boc
882 1210 927 1282 ab
944 1218 1090 1304 utraque
1107 1219 1203 1304 parte
1218 1211 1265 1284 ad
1278 1221 1428 1285 nostram
1441 1212 1648 1307 presentiam
1666 1211 1874 1298 destinatos,
1896 1235 1975 1286 cum

564 1335 653 1406 inter
671 1345 781 1406 cetera
804 1334 924 1404 luisset
951 1355 997 1405 ex
1023 1343 1119 1427 parte
1139 1333 1249 1429 ipsius
1273 1335 1487 1430 imperatoris
1511 1335 1724 1431 propositum
1746 1335 1843 1430 quod
1865 1335 1975 1431 impe·

565 1457 680 1530 diente
698 1458 858 1530 societate
872 1466 986 1530 vestra
1001 1457 1203 1551 nequiverat
1212 1459 1316 1550 juxta
1335 1457 1547 1554 propositum
1562 1481 1666 1530 snum
1681 1459 1869 1553 precedere
1886 1481 1976 1532 oon·

563 1591 615 1654 tra
635 1581 837 1675 pravitatem
862 1581 1047 1652 hereticam
1071 1603 1141 1675 que
1166 1589 1280 1676 partes
1304 1581 1381 1654 illas
1405 1581 1533 1654 dicitur
1555 1583 1705 1674 graviter
1732 1581 1908 1670 iniecisse,
1933 1605 1975 1654 ac

563 1687 716 1778 relevare
739 1706 930 1778 libertatem
958 1705 1221 1777 ecclesiasticam
1246 1725 1316 1799 que
1341 1705 1470 1778 ibidem
1501 1706 1733 1799 multipliciter
1758 1705 1975 1778 asserebatur

563 1851 744 1924 oppressa,
759 1851 824 1902 nec
841 1850 1023 1925 procurare
1039 1829 1234 1902 subsidium
1248 1830 1350 1902 Terre
1364 1831 1500 1910 Sancte,
1517 1838 1658 1924 propter
1674 1827 1770 1921 quod
1783 1829 1976 1923 specialiter

563 1955 610 2026 ad
627 1963 739 2049 partes
756 1954 848 2048 ipsas
870 1954 1019 2026 duxerat
1037 1951 1293 2044 accedendum,
1314 1952 1479 2047 quodque
1496 1953 1623 2047 captivi
1641 1952 1708 2024 sibi
1733 1961 1850 2026 contra
1865 1954 1924 2042 jus
1940 1962 1976 2026 et

564 2077 727 2151 honorem
743 2078 877 2172 imperii
892 2079 1029 2148 fuerant
1044 2078 1224 2170 denegati3
1246 2099 1309 2149 nos
1326 2077 1381 2148 his
1402 2086 1438 2150 et
1462 2077 1538 2150 aliis
1555 2098 1626 2170 quc
1643 2077 1782 2148 luerunt
1797 2074 1975 2148 hincinde

566 2201 737 2296 proposita
754 2200 890 2295 plenius
910 2201 1108 2292 intellectis,
1133 2201 1178 2274 de
1198 2199 1415 2296 providentia
1440 2201 1491 2274 sic
1513 2198 1681 2272 duximus
1697 2199 1919 2272 statuendum
1937 2209 1975 2270 ut

563 2325 726 2398 videlicet
755 2325 830 2420 ipse
859 2325 1043 2420 imperator
1068 2347 1130 2420 pro
1159 2326 1349 2398 reverentia
1375 2327 1455 2398 lesu
1490 2323 1612 2396 Christi
1641 2332 1677 2396 et
1704 2322 1844 2416 negotio
1874 2325 1974 2394 Terre

563 2451 704 2539 Sancte,
724 2469 788 2521 suo
806 2458 840 2522 et
858 2448 920 2520 filii
942 2449 996 2522 sui
1022 2471 1063 2522 ac
1088 2449 1220 2545 imperii
1243 2451 1381 2522 nomine
1396 2449 1440 2520 iis
1459 2447 1522 2543 qui
1547 2458 1627 2520 sunt
1645 2447 1691 2522 de
1710 2447 1870 2520 societate
1880 2448 1974 2538 Jam-

564 2573 657 2646 dicta
677 2573 916 2645 universaliter
932 2573 1079 2666 singulis
1098 2583 1132 2646 et
1153 2574 1372 2668 singulariter
1389 2573 1562 2645 universis
1578 2572 1728 2644 remittat
1740 2593 1878 2642 omnem
1895 2593 1974 2642 ran-

563 2719 690 2788 corem,
703 2697 990 2785 malevolentiam,
1006 2695 1364 2790 iujuriasetollensas3
1379 2697 1495 2770 omnia
1509 2717 1650 2792 quoque
1664 2696 1793 2786 banna,
1809 2695 1973 2766 constitu·

565 2822 691 2914 tiones,
712 2821 897 2894 sententias
918 2831 953 2894 et
971 2822 1209 2895 ordinamenta
1234 2842 1304 2915 que
1328 2822 1409 2894 lecit
1425 2822 1483 2893 vel
1499 2819 1666 2915 imposuit
1689 2841 1752 2914 per
1773 2841 1811 2892 se
1831 2817 1888 2890 vel
1914 2839 1974 2912 per

565 2947 672 3017 alium
688 2946 820 3019 aliusve
835 2968 898 3042 pro
914 2967 957 3018 eo
971 2946 1124 3019 societati
1143 2947 1198 3019 vel
1215 2946 1319 3018 alicui
1332 2944 1378 3018 de
1396 2944 1557 3017 societate
1574 2944 1741 3040 predicta,
1758 2941 1969 3030 civitatibus,

563 3071 648 3142 locis
664 3081 698 3143 et
716 3072 870 3166 personis
888 3071 932 3142 de
945 3071 1021 3165 ipsa
1034 3071 1213 3161 societate,
1233 3078 1268 3141 et
1282 3090 1502 3164 quecumque
1524 3090 1571 3140 ex
1589 3067 1640 3142 eis
1657 3069 1713 3141 vel
1731 3068 1777 3139 ob
1797 3088 1839 3140 ea
1856 3075 1972 3138 secuta

563 3205 644 3265 sunt
675 3195 814 3288 penitus
838 3203 976 3266 revocet
999 3202 1035 3265 ct
1059 3194 1251 3288 specialiter
1276 3193 1553 3266 constitutionem
1579 3193 1704 3265 iactam
1727 3191 1772 3266 de
1795 3190 1911 3263 studio
1937 3197 1972 3262 et

563 3317 783 3390 studentibus
796 3317 968 3409 Bononie3
987 3317 1168 3389 universos
1181 3327 1216 3390 st
1230 3317 1385 3412 singulos
1397 3317 1459 3412 qui
1476 3317 1656 3390 occasione
1671 3317 1817 3408 alicujus
1831 3313 1972 3408 predic-

564 3451 677 3512 torum
695 3441 756 3512 lesi
778 3440 941 3512 videntur
958 3441 1140 3512 restituens
1165 3441 1202 3512 in
1226 3442 1400 3536 integrum
1418 3443 1455 3514 in
1473 3441 1634 3513 omnibus
1648 3449 1684 3512 et
1701 3461 1762 3534 per
1777 3437 1893 3510 omnia
1908 3459 1971 3510 suo

563 3563 666 3635 statui
683 3572 786 3657 atque
799 3565 901 3654 lame,
921 3563 1125 3636 remittendo
1140 3565 1317 3637 infamiam
1331 3585 1467 3638 omnem
1487 3574 1522 3638 et
1537 3585 1662 3658 penam
1678 3583 1748 3656 que
1761 3571 1878 3635 secute
1891 3569 1972 3632 sunt

563 3709 610 3758 ex
627 3687 743 3780 aliquo
760 3687 1003 3782 predictorum,
1018 3690 1066 3762 ita
1079 3671 1175 3782 qnod
1187 3711 1230 3762 ea
1241 3711 1311 3783 que
1325 3689 1441 3762 medio
1456 3699 1609 3783 tempore
1626 3709 1689 3782 per
1703 3707 1764 3760 eos
1782 3695 1859 3760 acta
1875 3695 1969 3772 sunt,

464 3847 466 3852 ·
563 3813 863 3884 nonobstantibus
882 3814 1107 3908 supradictis,
1130 3815 1236 3886 robur
1251 3813 1428 3886 obtineant
1446 3811 1541 3907 quod
1564 3812 1649 3884 alias
1670 3811 1860 3884 debuerant
1880 3809 1971 3882 obti-

563 3957 656 4008 nere.
676 3935 730 4008 Ad
746 3936 809 4007 hec
825 3937 997 4028 civitates,
1020 3939 1094 4010 loca
1111 3947 1145 4010 et
1169 3959 1334 4032 personas
1358 3937 1404 4010 ds
1428 3937 1504 4031 ipsa
1523 3936 1685 4008 societate
1698 3935 1842 4030 recipiat
1857 3936 1894 4006 in
1907 3953 1971 4006 suc

562 4061 670 4153 gratie
693 4057 943 4155 plenitudinem
971 4071 1005 4132 et
1030 4061 1081 4134 cis
1107 4062 1209 4134 faciat
1236 4060 1371 4132 firmam
1397 4081 1538 4155 pacem,
1565 4059 1760 4154 specialiter
1782 4057 1970 4130 marchioni

561 4184 819 4271 lllontislerrati,
861 4183 1071 4273 Mediolano,
1116 4182 1304 4272 Placentie,
1348 4183 1530 4272 Vercellis,
1571 4181 1743 4266 Bononie,
1789 4179 1967 4266 Faventie,

560 4306 792 4396 Alexandrie,
829 4307 1000 4397 Taurino,
1039 4307 1180 4392 laude,
1218 4309 1409 4399 Bergamo‚
1442 4305 1581 4395 llrixie,
1623 4307 1782 4396 blentue,
1813 4305 1967 4390 lloronc,

560 4431 693 4520 Padus,
713 4431 883 4522 Viceutie,
912 4431 1082 4522 Terrisio,
1111 4431 1247 4522 Creme,
1274 4430 1426 4504 Ferrarie
1451 4439 1487 4502 ct
1513 4430 1697 4502 comitibus
1720 4430 1766 4504 de
1788 4429 1970 4501 blandratc

560 4556 707 4648 aliisque
734 4557 817 4626 locis
843 4565 878 4627 et
905 4555 1058 4650 personis
1083 4555 1295 4649 quibuslibet
1322 4555 1495 4628 societatis
1524 4553 1694 4646 ejusdem.¹
1722 4554 1837 4628 Faciat
1865 4553 1969 4626 etiam

562 4679 693 4752 restitui
712 4679 865 4771 captivos
880 4680 941 4772 qui
960 4689 1041 4750 sunt
1063 4680 1153 4776 capti
1176 4680 1356 4752 occasione
1379 4679 1484 4770 hujus
1506 4678 1679 4752 discordie
1700 4699 1780 4748 cum
1796 4676 1897 4749 bouis
1910 4697 1971 4748 oo-
