4324 5916
205 576 304 638 bntcr.
324 575 383 654 lt]
662 573 857 638 lllslolllll
882 573 1174 636 mammantes.
1557 571 1619 636 889

203 711 298 784 circa
310 719 431 782 notum
442 707 517 782 lieri
527 708 690 782 volumus
703 711 866 784 omnibus
879 719 950 782 tam
966 709 1091 782 nocuis
1108 707 1364 782 successoribus
1379 729 1486 804 qnam
1498 717 1614 782 nostre

203 833 408 907 excellentie
424 830 603 924 judicibus
628 831 800 906 universis
826 843 861 908 et
884 833 1046 906 omnibns
1068 843 1262 930 presentem
1288 833 1450 928 paginam
1479 832 1615 928 inspec-

203 957 291 1028 turis
316 956 412 1051 qnod
434 977 497 1030 nos
519 957 765 1030 monasterium
789 957 826 1030 in
850 959 1007 1052 Ursperc,
1027 959 1129 1050 cujus
1141 957 1359 1032 advocatiam
1377 957 1617 1032 serenissimus

204 1081 365 1176 princepe
397 1088 493 1176 pater
521 1089 637 1153 noster
667 1079 862 1154 Friderious
890 1082 953 1156 llei
979 1081 1090 1175 gratia
1118 1083 1348 1156 llomanorom
1377 1081 1562 1178 imperatur
1584 1091 1619 1155 el

204 1225 341 1300 semper
357 1213 527 1299 augustus
548 1225 612 1298 pro
633 1204 897 1278 necessitatibus
911 1205 1048 1301 imperii
1064 1205 1148 1278 olim
1173 1206 1273 1278 titulo
1299 1185 1454 1300 pignoris
1477 1205 1619 1298 obliga·

205 1335 317 1419 verat,
333 1326 543 1400 redemimus
558 1325 604 1400 dc
621 1335 788 1422 potestate
803 1327 929 1402 nobilis
943 1327 1010 1399 viri
1025 1327 1156 1400 Alberti
1170 1328 1215 1400 ds
1228 1327 1457 1419 Niwenbnrc;
1472 1328 1618 1422 pecunie

204 1469 348 1544 qnoque
368 1469 440 1544 quo
466 1449 577 1522 soluta
600 1450 713 1522 luerat
729 1449 924 1546 prepositus
947 1458 982 1523 ct
1005 1451 1127 1523 iratres
1149 1450 1288 1523 claustri
1306 1449 1471 1522 ducentas
1486 1471 1620 1522 marcas

205 1573 462 1669 persolverunt,
489 1581 529 1644 nt
554 1573 698 1646 ulterius
724 1574 819 1646 nulla
848 1573 907 1646 tuli
934 1575 1156 1674 oppressipno
1180 1582 1353 1646 vexentur
1381 1581 1442 1644 ant
1467 1572 1621 1666 quolibet

206 1695 312 1769 modo
326 1707 425 1769 extra
436 1705 638 1792 potestatem
649 1697 784 1792 imperii
799 1697 1074 1770 alienentnrsive
1087 1697 1155 1792 ipsi
1167 1696 1243 1770 sive
1257 1717 1471 1769 successores
1484 1717 1616 1770 eornm.

205 1819 433 1916 Quapropter
446 1841 509 1892 nos
527 1821 711 1892 clementer
722 1821 876 1914 ipsorum
892 1821 1052 1916 precibus
1067 1829 1273 1911 annuentes,
1284 1821 1398 1916 ipsum
1411 1821 1525 1894 locum
1539 1839 1619 1892 cum

206 1944 363 2040 personis
382 1953 417 2016 et
433 1943 600 2016 rebusad
620 1943 772 2017 eundem
789 1945 1041 2040 pertinentibus
1058 1945 1126 2018 sub
1149 1952 1266 2019 nomm
1282 1943 1493 2040 protectione
1507 1943 1619 2016 susci·

205 2067 340 2162 pimns;
356 2073 392 2140 el
406 2067 496 2138 utin
513 2077 719 2164 perpetuum
748 2068 815 2140 snb
843 2067 994 2142 culmine
1018 2067 1207 2162 mejestatis
1231 2066 1417 2164 imperialis
1441 2067 1616 2159 consistat,

204 2191 389 2264 statuimus
407 2211 453 2264 ne
470 2190 506 2262 in
528 2211 740 2286 quemquam
764 2192 987 2266 constaretur
1012 2198 1131 2264 contra
1153 2190 1365 2264 volunlatem
1390 2192 1462 2264 Deo
1488 2189 1619 2263 ibidem

205 2313 443 2388 servientium.
459 2314 554 2386 Bona
573 2335 715 2408 qnoque
731 2336 801 2410 que
817 2315 853 2386 in
872 2315 1022 2410 presenti
1044 2313 1222 2410 possident
1241 2323 1303 2387 aut
1320 2313 1357 2386 in
1372 2315 1526 2386 futurum
1553 2313 1620 2386 sub

204 2449 321 2510 nostra
332 2436 572 2530 jurisdictione
590 2445 749 2532 poterunt
763 2437 909 2532 adipisci
926 2437 1095 2531 legitimo,
1112 2460 1193 2510 cnm
1214 2437 1376 2511 omnibns
1403 2435 1621 2532 pertinenciis

204 2569 240 2632 et
249 2559 410 2653 legitimis
423 2559 585 2632 videlicet
593 2559 787 2656 mancipiis,
797 2560 890 2654 agris
902 2561 1004 2632 cultis
1012 2569 1046 2632 et
1058 2561 1209 2652 incultis,
1219 2561 1287 2634 viis
1296 2570 1330 2634 ot
1339 2561 1456 2650 inviis,
1467 2559 1618 2656 pascuis,

204 2683 424 2771 nemoribus,
441 2683 543 2778 aquis
559 2691 595 2756 et
607 2704 776 2778 aquarum
793 2683 1016 2775 decursibus,
1037 2684 1244 2758 molendinis
1262 2695 1296 2758 et
1313 2685 1562 2780 piscationibus
1587 2693 1622 2756 et

204 2808 325 2880 ceteris
344 2806 551 2895 attinenciis,
572 2804 817 2880 confirmamus
836 2807 982 2881 eisdem.
999 2808 1156 2881 Pretorea
1172 2829 1242 2902 qne
1257 2808 1294 2880 in
1310 2805 1501 2904 privilegiis
1519 2817 1621 2879 ante-

204 2950 379 3002 cessorum
400 2939 593 3004 nostrorum
619 2930 694 3004 sive
715 2931 994 3006 annotationibus
1011 2939 1073 3004 aut
1097 2931 1174 3004 aliis
1199 2931 1334 3026 scriptis
1351 2929 1433 3004 dive
1457 2929 1619 3004 recorda-

204 3053 308 3126 tionis
334 3054 454 3150 proavi
482 3054 589 3128 nostri
616 3053 831 3152 imperatoris
859 3055 1022 3128 Friderici
1050 3064 1085 3128 ct
1110 3054 1201 3150 regis
1230 3052 1401 3128 Cuouradi
1433 3051 1619 3128 incudem

203 3177 348 3251 ecclesia
371 3187 452 3250 sunt
471 3187 598 3252 statuta
627 3187 662 3252 et
686 3180 853 3254 hactenns
883 3180 1086 3272 observata,
1113 3178 1320 3253 mandamus
1349 3186 1384 3251 et
1411 3176 1619 3274 precipimus

203 3299 369 3374 inviolata
383 3301 568 3375 consistere
589 3328 598 3373 :
617 3312 657 3374 nt
674 3303 837 3377 videlicet
862 3305 979 3376 nullus
1005 3303 1119 3398 judex
1143 3326 1205 3378 eeu
1233 3302 1417 3397 cujuslibet
1442 3301 1620 3398 potestatis

202 3422 307 3497 bomo
328 3434 505 3520 presumat
526 3425 684 3498 homines
705 3428 858 3522 ipsorum
876 3439 1004 3500 temere
1026 3427 1233 3521 distringere
1252 3436 1312 3501 aut
1331 3436 1448 3499 eontra
1464 3425 1558 3521 ipsos
1574 3423 1619 3498 de

201 3547 334 3642 prediis
347 3548 490 3622 ecclesie
505 3549 686 3644 placitare,
704 3549 771 3622 nisi
792 3572 907 3624 eoram
927 3551 1028 3623 nobis
1050 3559 1111 3624 aut
1138 3550 1260 3623 nuntio
1284 3559 1401 3624 nostro
1426 3547 1620 3644 specialiter

201 3669 329 3743 adhoc
343 3669 525 3746 destinato.
539 3673 656 3746 Liceat
673 3693 814 3768 qnoque
829 3673 1112 3746 ministerialibus
1137 3673 1272 3769 imperii
1288 3672 1365 3744 sive
1385 3671 1432 3745 ad
1456 3691 1519 3744 nos
1540 3691 1619 3765 per·

200 3793 391 3868 liuentibus
416 3794 462 3868 de
484 3795 614 3891 prediis
639 3797 711 3868 suis
738 3797 814 3870 sive
839 3797 917 3870 aliis
939 3797 1045 3870 rebus
1065 3798 1219 3870 conferre
1246 3797 1377 3892 prelato
1396 3793 1614 3884 monasterio,

199 3925 236 3990 et
248 3917 313 3990 beo
331 3917 417 4012 ipsis
432 3919 594 3992 fratribus
608 3929 723 3992 nostra
740 3921 963 4016 permissione
979 3919 1077 3993 firma
1101 3919 1299 3994 consistant.
1316 3917 1499 3992 Adicimus
1512 3915 1615 3989 etiam

200 4047 242 4111 ut
262 4041 407 4134 quilibet
429 4041 487 4112 cui
508 4040 555 4113 ad
580 4042 780 4115 electionem
805 4043 947 4117 lratrum
970 4023 1275 4118 committimne'ut
1292 4043 1387 4140 ipsos
1406 4041 1484 4114 vioe
1500 4050 1615 4112 nostra

200 4161 366 4236 defendat
380 4172 415 4236 et
425 4163 504 4256 jura
522 4175 636 4238 nostra
652 4175 687 4238 st
707 4165 860 4260 ipsorum
877 4175 1026 4258 tueatur,
1042 4167 1072 4240 si
1088 4167 1193 4240 luerit
1211 4167 1262 4240 eie
1277 4165 1393 4262 gravis
1409 4173 1470 4238 aut
1486 4163 1614 4258 damp-

172 4285 307 4359 'nosns
330 4307 392 4358 seu
417 4287 565 4380 inutilis,
591 4309 671 4360 cum
692 4287 758 4362 hoc
776 4299 891 4364 nostre
912 4290 1098 4363 innotuerit
1122 4291 1310 4384 majestati,
1337 4289 1383 4362 ad
1412 4287 1611 4384 petitionem

198 4409 340 4480 fratrum
358 4410 447 4482 alins
465 4409 626 4484 delensor
637 4431 742 4506 quem
759 4413 925 4508 pecierint
938 4413 1023 4509 ipsis
1040 4413 1360 4487 concedatur.anli
1373 4431 1456 4506 ergo
1469 4409 1610 4483 omnino

197 4531 377 4604 hominnm
390 4531 492 4606 liceat
507 4533 597 4608 hanc
612 4535 774 4632 paginam
796 4545 911 4609 nostre
932 4535 1151 4632 protectionis
1175 4545 1209 4608 et
1231 4533 1460 4608 concessionis
1486 4531 1608 4606 intrin-

195 4675 277 4748 gere
303 4653 358 4727 vel
385 4655 418 4727 ei
439 4677 528 4728 ausu
544 4658 722 4732 temerario
743 4659 924 4732 contraire.
940 4657 1041 4744 Quod
1057 4657 1086 4730 si
1104 4657 1183 4754 quis
1210 4659 1320 4732 lacere
1341 4657 1604 4755 presumpserit,

295 4777 337 4838 Π.
348 4793 403 4839 Pars
415 4796 438 4842 ².
1391 4789 1447 4844 ¹¹²
