4330 5914
524 591 585 652 tlt
983 631 989 644 ·
1019 597 1232 659 FlillllililCl
1258 599 1431 660 SECUNDl
1743 599 1823 678 [Aru.
1843 599 1929 659 1227.

610 726 779 807 (Memorat.
791 745 841 806 op.
856 729 1023 810 llosounr,
1037 731 1151 792 Notisr'e
1165 729 1286 792 curule
1298 729 1331 791 dt
1342 731 1451 806 Pacta,
1471 731 1526 804 tv,
1543 741 1573 804 t,
1588 740 1664 806 tot,
1677 747 1717 792 ex
1736 734 1932 793 instmto

648 834 719 894 dato
734 835 782 896 dte
794 845 832 896 ιε
846 838 945 898 martti
958 841 1119 914 meantis,
1129 855 1190 916 qno
1199 839 1390 912 Torsetttnus,
1400 839 1767 900 deannsltolendlltnbct
1780 839 1933 916 Poptenets

558 1005 563 1014 ,
645 943 811 1018 potestatis,
825 941 881 1002 hcc
894 945 1045 1020 importata
1058 944 1230 1006 mandatum
1244 945 1366 1004 constllo
1381 944 1551 1006 &edendae
1568 947 1776 1022 praesentavit.
1788 944 1933 1004 Tnorsm

648 1063 718 1107 varo
731 1048 906 1120 dumorum,
918 1063 993 1124 quas
1007 1050 1039 1107 lu
1052 1051 1170 1108 statutis
1182 1049 1324 1124 praedicti
1336 1049 1451 1128 cctlcgtt
1464 1065 1542 1110 anno
1556 1058 1630 1110 ttet
1645 1051 1795 1126 impressis
1811 1047 1888 1127 (libr.
1905 1049 1929 1120 1,

645 1155 692 1214 tlt.
704 1153 817 1228 ll,ettn
828 1153 998 1214 collectione
1009 1158 1058 1214 cut
1071 1156 1175 1216 titulus
1191 1174 1199 1216 ι
1216 1156 1381 1216 Ticiccnrrir
1395 1155 1465 1235 (rol.
1480 1157 1521 1230 ll,
1536 1165 1570 1216 n·
1579 1165 1630 1234 ²2,
1643 1173 1674 1234 p.
1691 1161 1753 1216 tet
1766 1155 1796 1232 a)
1808 1157 1932 1216 insertm
2006 1191 2013 1202 ·

643 1259 782 1320 Roboltnt
795 1258 882 1337 dicit,
897 1257 1006 1319 frustm
1019 1259 1251 1340 mqulstvimus.)

573 1448 698 1519 Datum
716 1445 812 1541 apud
829 1445 1120 1539 Calatagirunnm,
1140 1447 1217 1520 xlv
1229 1447 1410 1538 iebrnarii,
1431 1447 1493 1518 XV
1509 1445 1709 1520 indictione.

573 2034 762 2118 Honorius
789 2057 888 2141 papa
914 2009 1146 2112 Fridericum
1178 2029 1437 2111 Romanorum
1465 2029 1730 2138 imperatorem
1758 2029 1933 2112 hortatur

522 2169 572 2250 ad
585 2167 835 2248 relaxandum
849 2163 1044 2272 imperiale
1060 2161 1231 2245 bannum
1249 2162 1311 2243 cui
1328 2162 1460 2244 ciuitas
1472 2162 1638 2246 Massilia
1656 2161 1825 2272 subjecta
1842 2162 1930 2270 fuit,

520 2307 613 2382 cum¹
627 2300 727 2380 circe
748 2298 864 2380 iidem
882 2295 1282 2378 excommunicationis
1299 2295 1470 2400 mudule,
1498 2321 1576 2403 qno
1598 2305 1753 2404 propter
1772 2296 1933 2404 injurias

520 2431 696 2540 episcopo
714 2430 883 2538 ipsorum
903 2428 1030 2510 illatas
1048 2427 1289 2533 tenebantur,
1310 2427 1450 2510 fuerint
1467 2427 1650 2534 absoluti,
1669 2439 1708 2510 et
1725 2429 1774 2512 ad
1791 2429 1931 2511 dimit-

520 2564 656 2646 tendos
674 2563 827 2645 Petrum
845 2563 893 2643 de
911 2561 1050 2642 Sancto
1068 2559 1205 2644 Jacobo
1223 2571 1261 2642 et
1277 2561 1523 2644 Gnillelmum
1541 2561 1744 2643 Viraldum
1761 2561 1935 2644 concives

520 2722 673 2798 eorum,
699 2695 1005 2805 crucesignatos,
1034 2718 1133 2802 qnos
1155 2692 1206 2776 ob
1233 2693 1407 2776 eamdem
1433 2718 1590 2775 causam
1617 2693 1715 2800 oepit
1739 2701 1778 2774 et
1807 2693 1934 2774 adhuc

520 2830 675 2910 detinet.

602 3044 731 3124 (Edtder.
747 3043 838 3104 Minu
852 3050 883 3104 et
895 3042 1041 3104 Gurrruon
1053 3085 1062 3120 ‚
1076 3042 1201 3102 Hirtoin
1214 3039 1249 3100 de
1262 3039 1292 3101 lc
1305 3038 1502 3120 municipali&
1515 3039 1550 3100 dc
1561 3037 1723 3120 umam,
1733 3047 1757 3101 t.
1772 3043 1799 3114 1,
1813 3058 1844 3120 p.
1860 3049 1930 3116 tet,

640 3167 679 3212 ex
693 3156 878 3226 nonsumpto
891 3165 961 3208 ann.
979 3147 1084 3227 tata.)

568 3334 740 3406 Honorius
765 3333 966 3428 episcopus,
990 3354 1113 3405 servus
1136 3353 1316 3406 servorum
1339 3333 1422 3426 Dei,
1451 3333 1627 3407 carissimo
1649 3333 1685 3405 in
1708 3333 1840 3406 Christo
1862 3333 1933 3406 lilio
2023 3319 2027 3326 ¹

521 3457 560 3529 F.
581 3457 704 3527 illustri
726 3457 956 3528 Romanorum
984 3456 1196 3552 imperatori,
1216 3479 1352 3552 semper
1372 3467 1521 3551 augusto
1545 3467 1579 3530 et
1598 3457 1671 3551 regi
1691 3457 1822 3548 Sicilie,
1839 3457 1933 3529 saln-

522 3589 592 3650 tem
605 3588 640 3650 et
651 3579 871 3674 apostolicam
891 3579 1180 3654 benedictionem.
1195 3581 1346 3653 Dilectus
1369 3579 1461 3652 filins
1481 3589 1596 3653 noster
1610 3581 1651 3653 li.
1672 3581 1787 3652 Sancti
1808 3579 1931 3674 Angeli

523 3703 691 3777 diaconus
704 3703 906 3791 cardinalis,
927 3702 1122 3798 Apostolica
1140 3703 1238 3777 Sedis
1251 3705 1404 3799 legatus,
1423 3715 1458 3776 et
1475 3705 1683 3776 venerabilis
1701 3705 1804 3778 irater
1819 3713 1932 3777 noster

523 3826 705 3922 episcopus
729 3847 770 3898 ac
795 3827 890 3900 cives
908 3828 1059 3900 Massilia
1085 3827 1157 3900 suis
1181 3849 1244 3899 nos
1270 3827 1390 3899 litteris
1414 3827 1653 3922 supplicarunt
1673 3837 1712 3899 ot
1730 3849 1810 3900 eum
1826 3827 1930 3900 iidem

523 3951 618 4024 cives
632 3951 725 4023 data
754 3951 935 4025 sufficienti
963 3952 1122 4025 cantione
1149 3951 1368 4047 promiserint
1392 3952 1475 4024 dicti
1503 3951 1686 4024 cardinalis
1717 3961 1751 4024 et
1779 3953 1931 4047 episcopi

523 4075 665 4148 obedire
680 4075 851 4148 mandatis
865 4097 970 4172 snpra
983 4075 1144 4170 dampnis
1159 4085 1194 4148 et
1210 4076 1346 4168 injuriis
1360 4075 1516 4170 irrogatis
1538 4075 1602 4169 ipsi
1619 4075 1782 4171 episcopo
1803 4085 1839 4148 et
1858 4077 1932 4168 ejus

522 4199 676 4272 ecclesiis
690 4199 735 4270 ab
754 4197 902 4286 eisdem,
924 4219 965 4270 ac
988 4199 1352 4272 excommunicationis
1369 4199 1510 4272 vinculo
1526 4221 1596 4294 quo
1612 4209 1749 4294 propter
1762 4200 1827 4272 hec
1840 4209 1933 4273 tene-

521 4323 647 4396 bantur
674 4323 743 4395 eint
765 4323 866 4416 juxta
894 4323 1036 4395 sormam
1063 4323 1215 4395 Ecclesia
1239 4323 1406 4413 absoluti,
1435 4321 1482 4394 ad
1505 4321 1731 4394 relaxandum
1756 4321 1932 4418 imperiale

521 4449 676 4520 bannum
695 4449 751 4520 cui
769 4469 887 4521 eorum
906 4448 1029 4520 civitas
1052 4447 1233 4520 occasione
1249 4445 1448 4538 hujusmodi
1466 4455 1519 4518 est
1533 4446 1707 4538 subjecta,
1725 4445 1772 4519 ad
1788 4447 1931 4540 gratiam

522 4571 712 4645 serenitatis
729 4583 789 4644 tne
802 4571 1049 4644 restituendam
1070 4571 1222 4663 eisdem,
1249 4591 1291 4642 ac
1313 4570 1555 4643 dimittendum
1577 4571 1715 4642 Petrum
1737 4569 1783 4643 de
1807 4571 1929 4642 Sancto

519 4695 647 4770 lecobo
661 4705 696 4767 et
712 4695 932 4768 Gnillelmum
953 4695 1139 4769 Vivaldnm
1159 4695 1318 4768 concives
1336 4715 1474 4786 eorum,
1493 4693 1765 4789 crucesignatos,
1781 4715 1870 4789 quos
1886 4693 1932 4764 ob
