4466 5914
286 587 386 662 niara.
404 596 464 682 ne]
663 621 678 652 0
735 591 932 654 rvrsrovun
957 591 1247 652 urrnounvrcn.
1638 593 1694 654 oen

286 739 427 814 exbibet
448 739 671 823 incessanter,
698 734 965 830 supplicationes
994 753 1075 804 suas
1100 733 1251 824 benigno
1278 741 1525 828 prosequentes
1551 753 1694 805 assensu

273 862 507 960 ‘privilegium
525 861 639 956 ipsum
658 858 807 955 presenti
825 857 932 929 divali
950 856 1077 951 pagina
1093 857 1273 928 transcribi
1292 855 1338 928 de
1359 856 1467 929 verbo
1484 856 1530 930 ad
1549 857 1693 930 verbum

282 987 468 1078 iussimus,
490 982 578 1057 illud
594 981 661 1056 sibi
683 991 718 1055 et
739 981 811 1054 suis
830 979 1017 1052 heredibus
1037 979 1072 1049 in
1092 987 1295 1075 perpetuum
1317 977 1577 1073 confirmantem
1594 983 1694 1074 cujus

271 1110 567 1185 ‘tenortalisestz
1061 1203 1062 1210 ἵ

333 1237 372 1306 ln
396 1235 536 1307 uomina
560 1243 678 1306 sancte
702 1240 738 1304 et
760 1228 942 1303 individue
964 1227 1151 1300 Trinitatis.
1179 1227 1392 1320 Fridenicus,
1417 1229 1536 1302 diviua
1556 1232 1694 1304 favente

284 1358 465 1431 clementia
490 1359 720 1430 Rornanorum
747 1355 931 1450 imperator
958 1361 1139 1447 augustus.
1171 1351 1274 1447 Apud
1304 1362 1452 1426 nostram
1483 1355 1692 1446 majestatem

285 1478 373 1552 fides
394 1489 429 1552 et
452 1479 591 1552 devotio
616 1497 752 1573 semper
776 1479 889 1550 locum
915 1475 1037 1548 habuit
1057 1484 1092 1549 et
1113 1476 1220 1548 nostri
1244 1475 1361 1548 fideles
1380 1499 1449 1550 nun
1469 1489 1612 1574 possunt
1630 1501 1693 1552 suo

261 1603 456 1678 desiderio
476 1602 648 1694 fraudari,
672 1603 722 1675 illi
749 1602 913 1698 precipue
940 1599 1001 1694 qui
1027 1599 1063 1670 iu
1083 1619 1305 1694 personarum
1330 1602 1484 1697 periculo
1512 1604 1693 1698 usquead

285 1729 464 1822 sauguinis
480 1727 683 1800 effusionem
701 1737 736 1800 et
753 1747 867 1799 rerum
887 1723 1070 1820 dispendio
1086 1746 1150 1820 pro
1170 1724 1305 1819 imperii
1323 1725 1452 1800 bonore
1470 1727 1614 1802 fideliter
1631 1729 1693 1803 de·

285 1860 515 1925 certaverunt.
543 1853 619 1938 Qua
639 1861 777 1948 propter
796 1857 1005 1944 cognoscant
1027 1848 1182 1922 universi
1203 1847 1322 1921 fideles
1343 1851 1476 1946 imperii
1496 1861 1565 1924 tam
1585 1855 1692 1928 futuri

276 1997 390 2070 quam
408 1984 583 2071 presentes
607 1975 703 2070 quod
727 1996 790 2048 nos
810 1973 948 2047 fidelem
974 1981 1009 2046 et
1026 1971 1189 2046 dilectum
1213 1983 1367 2046 nostrum
1389 1976 1573 2049 ilenricum
1596 2001 1692 2051 unar-

285 2100 443 2174 cbiuuem
456 2103 501 2176 de
512 2102 663 2184 Savona,
678 2121 742 2196 pro
752 2121 816 2172 sua
829 2097 992 2172 fidelitate
1002 2120 1108 2192 quam
1124 2119 1259 2194 semper
1272 2089 1363 2172 cirda
1376 2101 1557 2196 imperium
1569 2103 1692 2177 babuit

285 2233 320 2296 et
335 2226 505 2317 servavit,
525 2247 589 2321 pro
605 2225 678 2298 suis
690 2224 854 2320 preclaris
867 2222 1098 2318 servitiisque
1110 2223 1210 2295 uobis
1225 2224 1420 2318 frequenter
1433 2225 1612 2320 impendit,
1630 2251 1691 2324 per

284 2359 417 2422 rectum
440 2348 584 2422 feudum
606 2349 846 2422 investivimus
868 2347 913 2420 de
935 2348 1001 2420 boc
1016 2357 1086 2421 toto
1107 2349 1203 2443 quod
1224 2349 1376 2422 marchio
1397 2351 1592 2425 Boniiaoius
1615 2355 1690 2446 ejus

284 2483 382 2570 puter
398 2475 521 2547 habuit
539 2474 576 2546 iu
594 2474 733 2548 civitate
751 2475 887 2547 Savoue
904 2481 940 2545 et
958 2473 994 2544 iu
1015 2471 1168 2544 marchia
1186 2482 1220 2546 ct
1238 2475 1273 2545 iu
1296 2474 1495 2570 episcopatu
1514 2485 1548 2549 et
1566 2477 1602 2548 in
1622 2485 1691 2550 toto

286 2597 443 2671 districtu
459 2600 588 2694 prelata
605 2598 754 2672 civitatis
770 2606 806 2672 et
819 2596 986 2689 marchio,
1004 2596 1130 2670 sivein
1149 2607 1260 2670 castro
1276 2607 1311 2671 et
1328 2599 1484 2691 civitate,
1503 2600 1539 2672 in
1559 2601 1693 2674 marist

285 2721 322 2794 in
335 2743 426 2817 aqua
439 2723 523 2796 etin
541 2721 714 2796 communi
726 2731 760 2796 et
774 2723 810 2794 iu
823 2721 1042 2816 argentariis,
1058 2721 1093 2792 iu
1110 2722 1249 2794 boschis
1263 2732 1297 2795 et
1310 2723 1464 2818 pascuis,
1481 2723 1517 2794 iu
1534 2725 1641 2799 iodris
1659 2734 1693 2798 et

285 2845 321 2917 iu
335 2847 472 2938 bannis,
483 2847 635 2939 offensis,
651 2847 795 2943 placitis,
813 2845 1037 2935 districtibus,
1048 2845 1261 2940 albergariis,
1276 2846 1542 2940 conditionibus,
1554 2849 1688 2940 usibus,

285 2972 466 3068 operibus,
492 2973 679 3061 fructibus,
700 2972 878 3064 censibus,
903 2969 1115 3062 redditibus,
1138 2971 1309 3064 augariis,
1333 2971 1435 3065 'aquis
1454 2993 1692 3067 aquarumque

286 3095 506 3190 decursibus,
525 3097 752 3187 molendinis,
773 3095 1037 3192 piscationibus,
1057 3095 1250 3182 montibus,
1269 3095 1436 3190 planitiis,
1453 3095 1572 3192 cuptiis
1589 3099 1690 3170 volu·

285 3241 382 3292 orum
399 3229 434 3294 et
448 3221 643 3312 beluarum,
661 3222 762 3296 cultis
779 3229 814 3292 et
827 3221 979 3310 incultis,
996 3219 1118 3292 divisis
1131 3226 1166 3290 et
1178 3218 1351 3310 indivisis,
1371 3219 1467 3313 ripis,
1488 3220 1687 3316 paludibus,

284 3345 419 3440 rupinis
435 3353 471 3418 et
487 3347 649 3420 omuibus
667 3345 785 3418 castris
803 3365 872 3439 que
890 3365 984 3416 nuno
1002 3351 1132 3415 suntet
1148 3351 1260 3414 erunt.
1284 3343 1417 3415 Preiato
1438 3365 1578 3439 quoque
1596 3367 1691 3418 mar-

285 3467 399 3542 chioni
418 3470 566 3545 ilenrico
584 3469 737 3566 plenarie
759 3468 981 3541 concedimus
999 3475 1200 3564 potestatem
1216 3464 1403 3539 edificandi
1421 3488 1484 3540 sue
1502 3468 1640 3542 utilitati
1658 3481 1692 3544 et

285 3592 358 3664 suis
378 3592 566 3666 heredibus
585 3603 620 3667 et
644 3592 845 3668 destruendi
864 3601 1014 3666 castrum
1036 3601 1070 3664 et
1090 3591 1211 3663 turrim
1228 3599 1430 3685 quocontra
1448 3615 1547 3667 suum
1566 3595 1690 3668 volun·

286 3723 389 3788 tatem
405 3717 532 3790 fuerint
548 3716 585 3788 iu
601 3737 696 3790 mera
713 3715 867 3790 manubia
881 3715 990 3811 ipsius
1003 3713 1152 3787 civitatis
1167 3715 1321 3806 Sauone,
1341 3714 1376 3785 iu
1391 3723 1502 3790 castro
1516 3715 1689 3812 Cugliaui,

286 3838 395 3934 Signi,
410 3840 486 3912 Noli
504 3849 539 3914 ct
555 3840 685 3914 Pertice
700 3849 735 3914 et
747 3839 806 3913 Pie
820 3839 948 3930 Orcbe,
965 3847 1000 3912 et
1014 3839 1049 3910 in
1064 3837 1225 3911 omnibus
1240 3838 1363 3912 horum
1382 3847 1568 3913 castrorum
1588 3843 1693 3914 curiis

285 3985 373 4059 ques
392 3963 546 4060 possidet
565 3965 640 4060 ipse
657 3965 812 4038 marchio
833 3965 890 4038 vel
907 3963 1033 4058 aliquis
1056 3985 1120 4059 pro
1135 3984 1177 4037 eo
1194 3965 1252 4038 vel
1269 3965 1314 4038 ab
1332 3964 1437 4040 hodie
1454 3965 1608 4039 inantea
1626 3988 1692 4039 ae-

285 4086 484 4181 quisivcrit,
509 4099 544 4162 et
566 4089 602 4160 iu
623 4088 786 4162 omuibus
809 4086 885 4161 aliis
908 4089 983 4180 ejus
1004 4088 1279 4184 possessionibus
1297 4113 1385 4186 quas
1410 4089 1503 4163 idem
1524 4091 1691 4164 ilenricus

285 4212 437 4284 marchio
452 4214 587 4286 Savuue
604 4221 697 4286 tenet
708 4221 743 4287 et
755 4213 788 4286 ei
800 4211 1056 4310 pertinuerunt,
1073 4235 1143 4308 que
1158 4213 1204 4288 de
1216 4215 1488 4312 possessionibus
1502 4215 1586 4290 dicti
1601 4239 1691 4291 mur-

286 4334 417 4408 chionis
427 4337 591 4411 Boniiacii
603 4337 710 4411 inisse
723 4337 985 4433 dignoscuntur.
1000 4338 1229 4414 Concedimus
1241 4339 1343 4414 etiam
1359 4361 1420 4437 per
1430 4341 1534 4414 istum
1544 4342 1687 4417 seudum

285 4457 397 4532 cidem
418 4461 608 4534 marchioni
625 4463 772 4536 ilenrico
790 4471 899 4537 tutum
917 4463 1004 4538 illud
1024 4463 1164 4538 honoris
1181 4474 1216 4538 et
1230 4465 1356 4560 regalis
1375 4465 1472 4562 quod
1490 4465 1590 4539 nobis
1608 4489 1686 4562 per·

286 4581 370 4656 linet
391 4585 448 4658 vel
469 4585 597 4659 babere
622 4587 789 4662 debemus
815 4589 851 4661 in
873 4589 948 4684 ipsa
963 4588 1095 4684 prefata
1113 4589 1252 4662 civitate
1269 4598 1304 4663 et
1322 4590 1475 4664 marchia
1493 4601 1528 4664 et
1545 4592 1581 4663 in
1600 4613 1687 4664 uuo·

285 4729 422 4804 quoque
441 4709 671 4807 predictorum
696 4723 904 4808 castrorum,
925 4721 960 4788 et
976 4714 1118 4810 iusuper
1137 4715 1225 4790 illud
1246 4715 1342 4812 quod
1365 4717 1520 4814 predicto
1542 4715 1688 4790 ilenrico

1481 4839 1535 4902 es*
