4330 5914
504 574 566 634 oro
1005 573 1221 635 rrrnrrrrcr
1246 572 1420 633 sncrsnr
1729 569 1810 646 [aaa
1828 569 1913 631 raes.

505 705 728 788 llereariam
744 703 961 811 firmatam,
981 707 1104 788 eidem
1122 704 1375 815 conjurationi
1402 702 1677 806 adbaesoeunt,
1705 701 1852 810 sibique
1880 715 1916 785 et

506 839 666 946 imperio
683 863 819 948 graves
836 839 996 948 injurias
1012 839 1239 944 intulerunt,
1256 839 1403 920 curiam
1422 835 1662 944 impediendo
1680 835 1914 918 tirrannum-

507 997 609 1076 sem3
628 997 785 1052 oausam
810 998 901 1054 sero
926 973 1026 1054 inter
1051 999 1092 1053 se
1118 983 1157 1053 et
1183 972 1418 1054 bombardos
1448 969 1661 1078 praedictos
1690 969 1914 1052 ordinationi

506 1105 630 1213 Papae
648 1115 686 1186 et
703 1105 958 1187 cardinalium
975 1106 1190 1187 committit.

589 1346 720 1423 (fflltler.
733 1347 877 1420 arnon,
892 1343 1004 1407 amat
1018 1345 1152 1428 moyn,
1167 1355 1192 1410 t.
1203 1347 1264 1426 m,
1277 1365 1311 1424 p.
1325 1356 1376 1406 65.
1386 1345 1612 1412 -urmm,
1626 1337 1737 1400 Aul.
1751 1339 1913 1414 ederint,

628 1453 783 1515 aaran
795 1469 868 1516 m.
882 1447 1099 1530 raucam
1113 1487 1154 1502 -
1166 1456 1308 1526 unm,
1322 1450 1394 1514 ω.
1407 1448 1472 1512 aa
1490 1448 1671 1523 rurae,
1685 1466 1717 1526 p.
1734 1457 1789 1524 re,
1804 1459 1839 1509 u·
1852 1447 1913 1526 rr.)

557 1677 779 1750 Sanetiaeimo
804 1679 841 1750 in
871 1678 1003 1752 Cbristo
1023 1679 1113 1774 patri
1139 1678 1281 1752 domino
1303 1679 1455 1750 Honorio
1477 1677 1540 1750 Dei
1570 1677 1681 1769 gratia
1706 1682 1917 1747 masmae

509 1801 663 1874 Romane
681 1803 827 1876 ecclesie
850 1826 987 1876 summo
1004 1801 1180 1898 pontifici,
1202 1803 1405 1876 fredericus
1421 1801 1545 1874 cadem
1563 1801 1674 1894 gratia
1690 1799 1915 1870 Romanorum

510 1927 707 2022 imperator,
718 1949 854 2023 semper
868 1939 1053 2020 augustus,
1066 1929 1279 2000 Hierusalem
1294 1939 1329 1999 et
1340 1928 1455 1999 Sicilie
1467 1949 1545 2014 rex,
1555 1927 1701 1998 salutem
1714 1934 1750 1995 et
1762 1945 1917 1996 reveren-

511 2053 594 2124 tiam
621 2061 692 2124 tam
717 2052 870 2126 debitam
895 2077 1002 2148 quam
1026 2053 1201 2126 devotam.
1231 2053 1386 2138 Qualiter
1411 2051 1513 2123 nobie
1536 2050 1671 2147 pridem
1694 2049 1857 2122 euntibus
1882 2047 1916 2118 in

510 2175 752 2248 lombardiam
769 2198 833 2272 pro
848 2178 945 2248 curia
960 2177 1168 2250 celebranda
1180 2177 1362 2266 Cremone,
1381 2177 1574 2271 specialiter
1586 2197 1649 2270 pro
1665 2175 1804 2267 negotio
1820 2175 1917 2246 Terre

512 2297 649 2388 Sancte,
671 2296 815 2390 quidarn
828 2299 1013 2372 lombardi
1030 2300 1277 2391 conjurationis
1289 2299 1425 2389 illicite,
1447 2297 1611 2370 videlieet
1624 2295 1827 2384 Mediolani,
1845 2295 1918 2368 Pla·

512 2419 643 2509 oentie,
661 2419 798 2512 laude,
814 2422 1064 2514 vercellarum,
1083 2423 1219 2511 Brixie,
1234 2425 1392 2513 llantue,
1418 2425 1569 2511 Verone,
1596 2420 1759 2511 Tervisii,
1784 2419 1914 2510 Padue,

511 2544 685 2634 Vioentie,
700 2547 855 2618 Bononio
870 2555 905 2618 et
919 2547 1083 2620 ravenue
1094 2548 1294 2638 civitatum,
1318 2559 1354 2620 et
1371 2548 1396 2618 ii
1414 2547 1477 2642 qui
1490 2556 1644 2640 tempore
1663 2546 1722 2616 ilto
1738 2565 1810 2638 quo
1826 2543 1918 2638 apud

511 2667 711 2740 Mereariam
737 2689 801 2764 por
826 2669 1060 2742 venerabilem
1084 2679 1216 2764 patrem
1241 2672 1463 2743 Portuensem
1488 2681 1524 2742 et
1549 2671 1674 2742 Sancte
1699 2668 1823 2742 liuline
1846 2669 1919 2764 epi-

511 2811 674 2885 scopum,
695 2801 778 2864 tunc
790 2791 986 2889 Apostolioe
1003 2793 1104 2867 Sedis
1118 2796 1283 2888 legatum,
1302 2795 1518 2868 venerabiles
1534 2796 1719 2890 Tyrensom
1738 2803 1774 2866 et
1789 2792 1918 2866 ltodio-

511 2915 687 2988 lunensem
706 2917 983 3015 archiepiscopos
999 2929 1035 2992 et
1050 2921 1265 2992 Brixieusem
1283 2929 1319 2991 et
1342 2921 1569 2991 Mantuanum
1587 2919 1768 3013 episcopos
1783 2927 1818 2990 et
1834 2917 1918 2989 alios

510 3041 732 3135 quamplures
759 3043 926 3136 prelatos,
953 3047 996 3115 Η.
1022 3044 1256 3116 venerabilem
1284 3044 1487 3136 magistrum
1512 3041 1638 3114 domus
1662 3045 1785 3114 Sancte
1813 3041 1918 3113 llarie

510 3164 800 3238 Theutonioorum
824 3167 862 3237 in
887 3167 1100 3240 Hierusalem
1127 3178 1163 3240 et
1189 3169 1382 3240 Aletrinnm
1409 3168 1625 3262 capellanum
1652 3175 1805 3238 roetrum
1832 3188 1918 3238 oon-

509 3289 628 3362 oordia
641 3290 730 3359 inter
741 3311 806 3360 nos
816 3298 851 3360 et
865 3289 959 3385 ipsos
975 3292 1086 3363 fuerat
1098 3291 1257 3364 ordinata
1272 3301 1308 3364 ot
1320 3314 1383 3388 per
1398 3292 1492 3386 ipsos
1507 3291 1716 3363 unanimiter
1728 3298 1914 3386 acceptata,

508 3413 776 3503 conjuraverunt
788 3435 868 3485 oum
881 3414 1027 3502 eisdem,
1043 3425 1114 3487 tarn
1128 3417 1258 3488 salubri
1272 3417 1411 3510 negotio
1424 3438 1463 3488 se
1476 3425 1604 3488 temam
1616 3425 1840 3511 opponentes,
1856 3434 1919 3486 no·

508 3533 565 3606 bis
586 3543 623 3606 et
648 3533 791 3630 imperio
814 3559 940 3631 graves
959 3538 1137 3610 intulerint
1159 3540 1303 3632 injurias
1322 3551 1357 3614 et
1374 3563 1549 3632 enormes,
1567 3542 1642 3635 regi
1662 3540 1733 3612 filio
1751 3549 1868 3612 nostro
1884 3547 1920 3612 ot

508 3657 723 3753 principibus
738 3661 817 3733 aliis
832 3662 879 3734 ad
892 3661 1050 3734 eamdem
1068 3665 1201 3736 curiam
1219 3666 1418 3738 convocatis
1435 3667 1593 3758 nequiter
1607 3663 1848 3736 interdicentes
1860 3685 1918 3736 ao·

509 3801 661 3872 oemum,
684 3783 933 3859 beatitudinem
950 3797 1101 3860 vacuam
1123 3789 1297 3864 credimus
1319 3790 1410 3862 bene
1431 3790 1532 3862 seire.
1551 3789 1623 3862 Scit
1638 3790 1742 3862 etiarn
1763 3788 1918 3862 omniurn

509 3904 667 3996 coguitor
695 3917 905 3980 secretorum
925 3910 1022 4004 quod
1043 3912 1241 4008 postpositis
1262 3913 1424 3986 omnibus
1448 3913 1495 3985 ad
1510 3915 1586 4006 ojus
1607 3912 1785 3984 servitium
1807 3912 1917 3983 inten-

510 4026 648 4120 dentes,
664 4029 711 4103 ad
724 4053 801 4104 earn
816 4035 1118 4128 appropinquante
1131 4037 1277 4110 termino
1291 4036 1534 4110 celebrandam
1554 4037 1727 4108 iveramus
1746 4036 1782 4107 in
1795 4034 1917 4130 spiritu

509 4149 701 4225 dilectionis
715 4165 751 4226 ot
765 4159 874 4249 gratie
889 4158 980 4231 circa
996 4181 1134 4252 omnes,
1152 4183 1219 4234 neo
1238 4163 1452 4235 habebamus
1467 4162 1624 4235 animum
1642 4161 1792 4254 aliquem
1810 4157 1917 4232 odeu-

511 4272 618 4348 dondi
643 4298 708 4350 nec
736 4299 1005 4376 conceperamus
1032 4284 1174 4379 aliquod
1198 4283 1321 4358 odium
1354 4296 1473 4360 eontra
1500 4286 1636 4381 aliquos
1658 4293 1797 4382 propter
1823 4279 1917 4378 qnod

511 4409 682 4494 oporteret
698 4401 743 4476 de
759 4405 859 4478 nobie
876 4409 998 4482 merito
1020 4408 1196 4504 dubitare,
1215 4413 1295 4484 licet
1314 4411 1458 4506 quidam
1476 4411 1693 4508 departibor
1713 4409 1782 4482 illis
1804 4429 1867 4480 uos
1883 4413 1918 4478 et

513 4522 697 4617 imperium
711 4530 861 4622 gravio
873 4532 1114 4627 offendissent3
1129 4557 1278 4631 quorum
1290 4537 1438 4610 offensas
1452 4536 1654 4610 nolebamus
1671 4535 1783 4607 taliter
1803 4529 1918 4606 vindi·

513 4665 593 4720 caro
616 4647 708 4722 sicut
733 4651 868 4748 imperii
893 4657 1000 4729 noetri
1022 4654 1173 4752 dignitas
1195 4659 1380 4754 exigebat,
1405 4669 1441 4734 et
1464 4660 1731 4735 ostendebamus
1759 4657 1862 4731 etiam
1881 4655 1918 4728 in
