4326 5910
203 602 304 666 laeter.
323 600 382 686 tt]
652 600 849 665 tttstottttt
872 596 1162 662 utetotttrtct.

256 1181 458 1288 Henricus,
478 1181 737 1268 Romanorum
760 1209 845 1288 rex,
866 1184 915 1267 ed
933 1181 1244 1292 supplicationem
1261 1179 1443 1263 Bemmdi
1462 1179 1610 1264 obbatis

202 1315 242 1398 in
277 1315 510 1424 Odenheim,
540 1316 729 1400 culturam
760 1317 957 1400 vinearum
988 1315 1128 1399 montis
1158 1313 1381 1425 Eichelberg
1409 1315 1609 1398 duodecim

202 1449 353 1534 rusticis
368 1449 547 1534 ecclesium
564 1448 615 1534 ab
629 1475 677 1534 eo
689 1451 869 1536 traditam
888 1449 960 1534 sub
977 1450 1089 1534 certis
1101 1449 1381 1534 conditionibus
1392 1448 1606 1533 confirmat.

280 1668 399 1747 (incdit
414 1686 451 1730 ex
465 1668 644 1734 chartulario
657 1669 756 1761 abbat.
771 1669 809 1730 de
821 1669 1002 1745 odenheim,
1017 1669 1069 1730 tol.
1086 1678 1133 1744 ts,
1148 1669 1180 1730 tn
1193 1667 1275 1730 arch.
1291 1667 1518 1740 carlsruheuat.)

251 1855 432 1930 Heiunms
453 1858 517 1930 Dei
538 1857 649 1952 gratia
670 1859 899 1932 Romanorum
922 1879 987 1932 tex
1011 1866 1046 1932 et
1066 1879 1202 1954 semper
1222 1865 1407 1952 angustus,
1437 1855 1610 1934 umrcrsis

203 1981 251 2056 ad
268 2003 357 2078 quos
371 2005 513 2080 presens
532 1983 696 2080 scriptum
713 1984 905 2081 pervenerit
924 1985 1069 2076 gratiam
1086 1999 1187 2061 'suem
1203 1993 1239 2058 et
1253 2003 1355 2057 omne
1373 1984 1516 2056 bonum.
1537 1983 1609 2116 Rr-

203 2107 321 2204 posuit
347 2109 550 2182 excellentie
576 2117 690 2183 nostre
720 2106 866 2183 dilectus
893 2108 1004 2182 fidelis
1031 2119 1146 2182 noster
1176 2107 1411 2200 Bernhardus,
1438 2109 1546 2180 abbas
1573 2105 1608 2179 in

203 2231 413 2327 Odenheim,
434 2234 531 2330 quod
552 2233 699 2307 diversis
718 2233 862 2308 ecclesie
887 2257 950 2308 sue
966 2233 1194 2308 incommodis
1215 2231 1513 2320 incumbentibus,
1534 2232 1609 2328 ipse

1695 1193 1759 1248 Apud

1678 1245 1778 1300 Ulmum,

1659 1301 1685 1343 te
1693 1301 1797 1354 tumult.

202 2359 325 2432 vinees
342 2359 486 2432 ecclesie
502 2358 547 2432 de
561 2359 707 2456 propriis
722 2355 899 2456 expensis,
916 2361 1005 2432 sicut
1024 2359 1191 2433 hactonus
1205 2359 1395 2450 consuevit,
1413 2359 1524 2432 colere
1539 2378 1608 2430 non
1694 2361 1700 2370 ‘

203 2483 343 2561 sufficit.
367 2483 467 2562 Unde
487 2484 631 2564 consilio
653 2507 738 2560 usus
753 2483 982 2580 prudentum,
999 2494 1150 2562 montem
1168 2485 1229 2580 qni
1257 2483 1383 2558 dicitur
1406 2481 1611 2576 Aichelberg

117 2656 120 2662 -
202 2609 347 2682 ecclesie
370 2608 561 2686 Odenlteim
583 2609 737 2684 vicinum
760 2609 946 2684 duodecim
971 2609 1110 2682 rusticis
1128 2609 1271 2683 ecclesie
1290 2607 1453 2684 fidelibus
1469 2607 1614 2682 tradidit

98 2751 101 2756 ’
203 2732 456 2828 excolendum,
488 2757 530 2808 ea
558 2735 755 2810 conditione
780 2735 877 2830 quod
901 2733 1070 2832 quamdiu
1094 2734 1204 2812 obbas
1232 2735 1289 2806 vel
1314 2733 1369 2807 sni
1395 2755 1610 2808 successores

203 2859 326 2934 mneos
341 2859 485 2956 predicti
504 2863 630 2936 montis
645 2860 778 2936 eisdem
791 2860 929 2934 rrrsticis
948 2860 1119 2937 dimittere
1136 2859 1284 2934 voluerit
1308 2858 1483 2950 colendas,
1502 2858 1610 2948 abbas

204 2993 239 3057 st
262 2985 406 3058 ecclesia
430 2985 621 3060 Odenbeim
645 2985 798 3062 decimas
819 2987 994 3068 ductuum
1018 2986 1229 3082 integraliter
1250 2985 1396 3081 accipiat
1418 2985 1494 3058 sinc
1515 2983 1610 3060 omui

204 3110 473 3208 contradictione
496 3111 755 3208 catenantur).
773 3115 825 3186 De
848 3112 990 3208 reliquis
1016 3133 1101 3186 vero
1122 3111 1308 3202 fructibus,
1329 3110 1437 3184 abbae
1459 3110 1609 3184 mediam

202 3243 390 3332 partem'et
404 3237 514 3312 coloni
531 3237 635 3312 aliam
658 3236 810 3312 mediam
832 3247 963 3334 partem
974 3238 1158 3334 'accipiant
1174 3239 1267 3331 juste
1284 3245 1319 3310 et
1341 3237 1506 3332 equaliter
1524 3237 1612 3310 inter

205 3381 265 3436 eos
277 3359 490 3453 dividentes,
509 3371 543 3436 ct
556 3361 643 3436 utin
660 3363 795 3438 cultura
806 3383 925 3438 earum
939 3363 1121 3438 vinearum
1134 3361 1253 3436 rustici
1266 3361 1457 3436 efficientur
1472 3383 1610 3458 promp·
1658 3431 1665 3440 .

206 3485 359 3576 tioreset
374 3486 504 3579 devoti,
525 3485 571 3560 de
588 3497 754 3566 consuetu
767 3487 818 3562 eis
833 3487 1004 3562 donamus
1015 3487 1226 3584 benignitate
1238 3485 1334 3582 ¹quod
1354 3509 1419 3562 uos
1432 3489 1489 3562 vel
1505 3485 1612 3562 nostri

204 3609 399 3706 provisores
426 3611 502 3688 sive
528 3613 665 3688 sculteti
693 3622 729 3688 et
754 3635 874 3688 eorum
900 3613 1013 3686 nuntii
1042 3613 1129 3686 nihil
1160 3613 1211 3688 eis
1239 3613 1456 3708 requiremus
1482 3613 1615 3688 ratione

205 3737 343 3812 culture
365 3735 530 3832 predicte.
549 3739 676 3812 Verum
700 3738 807 3812 abbas
825 3739 872 3814 do
890 3738 1083 3814 Odenbeim
1106 3737 1252 3832 singulis
1276 3737 1376 3810 annis
1401 3759 1505 3812 unam
1530 3761 1612 3814 cer-

204 3869 312 3936 retum
335 3861 411 3936 viui
433 3862 512 3958 puri
538 3863 693 3938 ministro
716 3873 832 3938 nostro
858 3863 975 3955 dabit,
997 3863 1166 3958 quamdiu
1189 3862 1307 3950 rustici
1340 3863 1508 3938 culturum
1533 3885 1612 3960 pre-

48 4025 60 4051 «
206 3981 376 4072 dictarum
392 3986 590 4068 ,unarum
623 3986 812 4062 habebunt.
844 3987 960 4062 Abbes
993 4008 1090 4062 vero*
1107 3987 1282 4082 predictus
1308 3989 1446 4084 plenam
1473 3988 1614 4062 habebit

204 4119 406 4206 potestatem
425 4111 482 4186 vel
499 4113 554 4186 sui
574 4135 790 4188 successores
813 4115 982 4188 culturum
1001 4113 1231 4212 predictarum
1253 4115 1435 4190 vinearum
1458 4115 1504 4190 ab
1529 4114 1614 4211 ipsis

18 4209 24 4220 ⁸
58 4253 64 4268 ·
204 4237 342 4314 rusticis
362 4237 553 4334 recipiendi
574 4248 608 4318 ct
625 4261 689 4335 per
708 4262 749 4316 se
767 4240 843 4314 sivo
859 4241 995 4337 aliquos
1015 4240 1101 4314 alios
1115 4240 1315 4334 excolendi3
1336 4250 1372 4316 et
1391 4239 1474 4316 dnm
1490 4262 1550 4316 ees
1566 4240 1612 4316 de

178 4361 351 4458 propriis
374 4365 518 4438 coluerit
541 4365 725 4462 expensis,
751 4375 918 4442 mnatam
940 4367 1015 4440 vini
1042 4387 1147 4462 mam
1174 4367 1219 4442 de
1244 4369 1378 4444 culture
1400 4367 1611 4464 procuratori

206 4495 322 4560 uostm
338 4487 421 4572 durs
443 4489 617 4586 promisit,
636 4489 682 4566 de
698 4500 812 4566 cotem
832 4511 902 4564 uon
928 4492 1111 4587 persolvet.
1130 4492 1172 4564 Et
1194 4501 1233 4566 ut
1249 4492 1314 4566 hec
1335 4501 1451 4568 nostra
1471 4493 1611 4570 domuc

55 4667 58 4674 .
199 4609 249 4700 in,
262 4622 467 4708 perpetuum
484 4611 583 4688 firma
601 4625 817 4712 permaneat,
836 4625 1027 4714 presentem
1045 4625 1171 4692 cauam
1188 4616 1291 4690 scribi
1314 4625 1348 4691 et
1364 4617 1479 4712 sigillo
1496 4627 1611 4693 nostro

200 4733 369 4826 jussimus
384 4739 601 4813 communiri.
