4466 5914
303 565 401 627 horor.
420 559 481 648 14]
754 561 950 624 HISTORIA
975 563 1268 626 otptoltttrtclt.
1655 567 1717 630 65¹1

302 719 471 774 sessorem
494 696 551 770 vel
573 695 715 770 alterius
736 699 920 792 cujuslibet
943 700 1134 774 occasionis
1160 699 1393 796 predictarum
1419 721 1536 774 rerum
1559 700 1716 776 detenta·

303 833 413 898 torem
433 821 530 894 nulla
549 820 617 893 nisi
635 822 832 895 centenaria
851 824 1053 920 prescriptio
1070 833 1224 914 tueatnr3
1241 833 1361 898 ettam
1379 824 1494 920 ipsum
1510 845 1616 920 quum
1633 845 1715 899 suos

305 967 522 1022 successores
545 967 568 1018 a
590 945 798 1041 prestatione
823 947 1026 1021 sacramenti
1050 947 1095 1024 de
1120 949 1294 1022 calumnia
1317 950 1353 1020 in
1378 947 1453 1024 suis
1472 949 1586 1024 causis
1603 959 1638 1024 et
1657 971 1714 1024 eo-

305 1073 408 1146 olesie
428 1071 593 1143 volumus
615 1090 693 1142 esse
715 1069 904 1160 immunes,
928 1081 969 1143 ut
992 1093 1058 1146 nec
1080 1072 1166 1166 legis
1190 1073 1370 1146 occasione
1387 1074 1444 1147 vel
1465 1074 1613 1166 alicujus
1628 1075 1715 1149 civi·
1769 1057 1776 1070 ’

305 1195 385 1270 tatis
400 1203 527 1268 statuto
542 1192 590 1267 nd
609 1193 676 1267 hoc
694 1193 819 1268 debeat
832 1196 1009 1269 coarctari.
1032 1196 1190 1270 Pretereu
1206 1195 1338 1269 dictum
1352 1197 1553 1293 episcopum
1570 1199 1716 1294 ejusque

304 1339 520 1394 comessores
533 1317 570 1390 in
585 1317 724 1392 civitate
738 1318 898 1392 lmolensi
915 1319 1150 1416 universoque
1163 1321 1365 1416 episcopatu
1383 1321 1493 1418 ipsius
1503 1331 1539 1395 et
1550 1323 1714 1396 comitatu

304 1452 421 1518 nostro
436 1442 597 1516 imolensi
610 1442 764 1536 judicem
778 1441 991 1516 ordinarium
1007 1443 1166 1536 facimus,
1180 1443 1304 1517 dantes
1320 1445 1353 1518 ei
1368 1445 1556 1541 plenumst
1571 1447 1716 1520 liberam

304 1575 510 1666 potestatem
528 1575 633 1661 atque
654 1567 928 1660 jurisdictionem
954 1567 1126 1662 quiequid
1151 1568 1239 1642 ratio
1260 1569 1350 1662 juris
1373 1571 1571 1666 expostulat
1589 1581 1657 1644 tam
1678 1571 1715 1644 in

306 1692 495 1786 majoribus
506 1711 611 1786 quam
627 1691 663 1762 in
677 1689 886 1784 minoribus,
903 1693 1043 1788 pupillis
1057 1701 1091 1765 et
1108 1691 1239 1784 viduis,
1259 1694 1471 1789 exequendi.
1485 1694 1716 1768 Nihilominus

305 1816 410 1890 etiam
427 1837 474 1888 ex
495 1825 613 1888 nostra
635 1813 871 1889 munificentia
888 1837 1026 1890 omnem
1043 1817 1312 1910 concessionem,
1332 1818 1551 1893 donationem
1569 1841 1630 1893 seu
1648 1821 1716 1893 lar·

305 1941 450 2036 gitatem
472 1939 629 2034 quolibet
648 1938 754 2013 modo
773 1962 795 2013 a
817 1941 940 2014 nostris
965 1941 1266 2038 predecessoribus
1287 1941 1402 2016 eidem
1426 1943 1570 2018 ecclesie
1590 1945 1716 2018 lactem

305 2061 565 2152 confirmemus,
583 2071 771 2138 statuentes
788 2073 828 2136 ut
843 2065 938 2137 nulla
952 2065 1087 2156 civitas,
1105 2067 1239 2138 nullum
1263 2087 1465 2160 commune,
1486 2069 1602 2142 nullus
1619 2069 1716 2164 prin·

305 2208 387 2284 ceps
400 2209 463 2260 seu
476 2208 604 2280 comes,
624 2187 742 2262 nullus
761 2187 850 2280 dux,
868 2189 986 2264 nullus
1005 2189 1194 2286 imperialis
1217 2191 1297 2264 aule
1312 2191 1451 2280 missus,
1472 2194 1567 2266 nnlla
1590 2215 1715 2289 magna

305 2335 485 2409 parvaque
500 2334 645 2408 persone
661 2311 853 2409 predictam
869 2314 1050 2388 eeclesiam
1065 2324 1100 2388 et
1119 2315 1233 2410 ipsum
1247 2316 1450 2412 episcopum
1466 2338 1616 2412 suosque
1629 2339 1716 2390 sue-

306 2459 458 2512 cessores
472 2437 590 2532 aliquo
606 2437 746 2532 ingenio
762 2437 799 2510 in
816 2438 921 2512 rebus
940 2439 1122 2535 predictis,
1136 2439 1454 2534 jurisdictionibus,
1472 2441 1667 2516 redditibus
1682 2451 1717 2514 et

305 2561 586 2636 concessionibus
609 2583 631 2634 a
653 2561 753 2636 nobis
781 2570 816 2635 et
839 2563 1142 2658 predecessoribus
1166 2565 1291 2638 nostris
1316 2565 1415 2638 iactis
1442 2566 1479 2638 in
1501 2566 1635 2658 judicio
1660 2565 1717 2638 vel

306 2695 405 2760 extra
421 2684 550 2759 audeat
565 2685 757 2780 inquietare
771 2688 830 2761 vel
846 2687 1038 2761 molestiam
1054 2688 1193 2762 inferre.
1209 2689 1312 2774 Quod
1327 2689 1389 2785 qni
1405 2689 1517 2764 faeere
1532 2712 1718 2787 presump-

306 2811 401 2900 serit,
421 2809 694 2904 indignationem
716 2819 867 2884 nostram
887 2823 922 2886 et
936 2814 1007 2886 lese
1021 2813 1210 2906 majestatis
1229 2813 1360 2887 crimen
1382 2835 1422 2886 se
1442 2813 1578 2888 noverit
1597 2813 1718 2887 inom-

307 2955 441 3024 surum,
462 2943 497 3008 et
514 2935 550 3006 in
568 2955 695 3030 penam
714 2957 778 3010 sne
792 2936 1059 3033 presumptionis
1074 2937 1328 3034 quinquaginta
1342 2937 1507 3012 librarum
1528 2938 1605 3010 auri
1623 2959 1718 3012 com·
1853 2989 1856 2994 -

307 3067 424 3156 ponat,
436 3057 656 3132 medietatem
668 3080 804 3134 camere
816 3069 931 3132 nostre
944 3061 1172 3156 inferendam,
1182 3063 1351 3158 reliquam
1362 3061 1505 3136 ecclesie
1515 3071 1713 3136 memorate.

307 3181 436 3277 Siquis
454 3183 663 3275 verojudex
684 3183 743 3256 vel
758 3183 907 3278 alieuJus
928 3185 1077 3260 civitatis
1094 3195 1244 3282 potestas
1267 3207 1331 3260 seu
1356 3187 1515 3259 eonsules
1538 3185 1719 3258 occasione

308 3305 562 3379 constitutionis
580 3306 637 3378 vel
660 3306 808 3400 alicujus
829 3307 948 3381 statuti
967 3330 1030 3382 seu
1048 3309 1117 3383 alio
1139 3309 1245 3384 modo
1263 3320 1381 3385 eontra
1403 3309 1469 3382 bec
1488 3308 1555 3406 ipsi
1576 3309 1719 3382 ecclesie

307 3437 462 3502 anostra
476 3428 654 3520 majestate
670 3427 806 3505 indulta
816 3431 978 3524 judicare
1000 3434 1262 3530 presumpserit,
1287 3434 1478 3530 periculum
1503 3433 1559 3506 sui
1579 3433 1719 3506 honoris

308 3559 344 3624 et
363 3550 540 3646 dignitatis
559 3553 712 3627 incurrat
730 3563 765 3628 et
784 3563 867 3628 notu
889 3555 1031 3630 insumis
1051 3567 1218 3654 perpetua
1235 3559 1311 3656 ipsc
1330 3560 1409 3652 jure
1425 3560 1642 3656 percellatur.
1662 3557 1719 3633 Ad

308 3676 408 3769 eujus
430 3676 480 3750 rei
505 3699 691 3774 perennem
712 3677 906 3752 firmitatem
923 3690 1117 3776 presentem
1144 3682 1306 3779 peginam
1329 3683 1412 3758 inde
1430 3692 1545 3758 nosue
1564 3681 1720 3778 jussione

309 3801 535 3897 conscriptam
553 3802 741 3896 maiestatis
760 3811 875 3878 nostre
893 3803 1006 3898 sigillo
1017 3805 1185 3899 jussimus
1203 3806 1373 3902 insigniri.

356 3925 501 4019 Signum
519 3925 650 4000 domini
666 3925 821 4000 Federici
844 3927 1064 4002 invictissimi
1082 3932 1315 4006 Romanorum
1335 3931 1561 4028 imperatoris.
1583 3927 1720 4027 (Mono-

306 4049 486 4145 eamme-l

356 4175 482 4248 Datum
504 4175 602 4271 apud
617 4177 772 4272 Burgum
798 4177 914 4250 Sancti
942 4179 1111 4252 Dominici
1128 4178 1228 4278 (ric),
1249 4201 1344 4254 anno
1367 4179 1539 4254 dominice
1559 4177 1720 4254 incarne·

310 4297 412 4374 tionis
426 4297 636 4390 ttccxxvr,
656 4322 774 4375 mense
783 4301 876 4395 julii,
895 4301 972 4376 xlv
984 4303 1194 4379 indictionis.
