4326 5910
553 601 614 663 780
1083 605 1253 668 llliNlllCl
1280 607 1448 669 ssortttt
1781 608 1862 690 [Ans.
1880 609 1964 672 1222

555 736 684 832 gensis,
707 737 785 810 Otto
802 739 995 834 Aquensis,
1019 741 1165 836 Elgerus
1180 743 1423 834 Goslarieusis,
1445 741 1667 816 Burcbardus
1683 743 1968 840 techeburgensis

553 863 733 958 prepositi,
754 865 955 962 Thyboldus
976 867 1129 941 marchio
1147 868 1192 942 de
1211 871 1373 964 Voburg,
1400 867 1599 942 Gerbardus
1620 889 1736 942 eomes
1760 869 1806 943 de
1826 871 1964 964 Diescb,

554 987 738 1062 Auselmns
751 992 977 1084 marscalcus,
994 992 1215 1068 Eberhardus
1230 994 1376 1092 dapifer,
1393 993 1590 1068 liberandus
1603 1003 1639 1066 et
1655 995 1834 1069 Couradus
1847 997 1968 1071 tratres

553 1111 600 1187 de
613 1116 747 1203 Tauno,
768 1123 802 1188 et
821 1116 879 1188 alii
897 1119 1133 1213 quamplures.

602 1239 747 1332 Signum
763 1240 895 1314 domini
912 1241 1049 1314 Henrici
1064 1243 1200 1338 septimi
1217 1239 1449 1316 Romanorum
1466 1245 1558 1336 rogis
1570 1267 1706 1340 semper
1721 1248 1873 1340 augusti.

602 1363 687 1438 Aeta
696 1365 850 1438 suntbec
858 1366 953 1464 apud
961 1366 1168 1458 Northnsen‚
1179 1389 1271 1440 auno
1280 1367 1455 1442 dominice
1463 1369 1707 1443 incarnationis
1715 1369 1963 1463 lll·CC⁰XXlll⁰,

554 1512 673 1563 mense
694 1491 897 1586 septembri,
921 1491 1111 1566 indictione
1127 1493 1195 1584 xl,
1217 1502 1383 1585 regnante
1406 1493 1548 1567 domiuo
1573 1495 1720 1568 lleurico
1739 1497 1886 1592 septimo
1905 1499 1965 1569 Dei

555 1616 664 1710 gratie
689 1615 977 1690 excellentissimo
1000 1619 1231 1690 llomauorum
1249 1638 1331 1710 rege
1353 1627 1388 1689 et
1408 1639 1545 1714 semper
1567 1627 1733 1712 augusto,
1754 1641 1846 1692 anuo
1868 1619 1966 1713 regui

555 1739 630 1832 ejus
647 1739 815 1812 secundo.

605 1867 728 1938 [latum
744 1865 837 1962 apud
852 1865 1059 1958 Northnsen‚
1073 1889 1135 1963 per
1148 1889 1290 1940 manum
1304 1867 1460 1962 magistri
1471 1867 1671 1964 blanquardi
1687 1867 1875 1966 imperialis
1890 1869 1968 1942 aule

556 1990 693 2084 notarii,
721 1991 753 2062 X
767 1989 933 2063 kalendas
948 1993 1110 2085 octobris,
1127 1992 1316 2067 indictione
1328 1993 1402 2066 XI‘.

421 2651 473 2737 ¹¹„
489 2671 527 2739 p,
609 2628 812 2732 Henmcus,
833 2629 1095 2716 Romanorum
1110 2655 1191 2734 rea,
1213 2637 1349 2714 notum
1367 2627 1458 2712 facit
1474 2627 1610 2712 frames
1624 2628 1672 2712 de
1686 2627 1791 2711 Cella
1807 2627 1966 2710 Sanctae

551 2763 690 2850 Mariae
721 2764 823 2849 bena
855 2791 926 2850 sua
946 2793 1046 2878 quae
1072 2764 1211 2848 milites
1238 2764 1287 2848 de
1312 2763 1431 2850 Nozin
1456 2763 1640 2848 violenter
1665 2773 1963 2874 usurpaverant,

550 2898 716 2982 detento
737 2899 940 3003 sententia,
958 2898 1045 3009 jure
1062 2898 1233 3009 plenario
1251 2897 1474 2984 obtinuisse.

629 3141 746 3219 (lnedtt.
760 3159 798 3202 ex
811 3143 948 3222 orlgluell
960 3145 992 3204 tn
1006 3143 1121 3205 arcblv.
1134 3141 1308 3216 ltresdenst,
1322 3142 1403 3202 uude
1415 3139 1561 3219 pendebat
1573 3140 1727 3219 slgtllum.)

599 3357 642 3428 H.
661 3356 723 3430 Dei
739 3358 849 3451 gratia
863 3359 1094 3431 Romanorum
1112 3377 1176 3429 rex
1193 3365 1228 3430 et
1248 3378 1383 3452 semper
1399 3364 1589 3448 augustus,
1606 3353 1779 3428 universis
1796 3353 1888 3426 bane
1904 3375 1965 3448 pa·

552 3481 668 3576 ginam
686 3481 890 3578 inspecturis
909 3483 1055 3578 gratiam
1081 3503 1180 3555 suam
1202 3491 1238 3556 et
1258 3503 1362 3554 omne
1384 3479 1528 3553 bouum.
1553 3479 1679 3552 Notum
1702 3500 1779 3552 esse
1802 3479 1965 3550 volumus

551 3613 620 3676 tam
661 3605 836 3679 modernis
868 3628 977 3702 quam
1007 3607 1175 3702 posteris,
1208 3603 1305 3700 quod
1347 3603 1464 3677 dilecti
1491 3605 1612 3676 tratres
1644 3603 1690 3677 de
1719 3601 1810 3676 Cella
1842 3603 1966 3674 Sancte

552 3728 659 3802 Mario
679 3729 769 3802 bona
793 3751 856 3802 sua
881 3753 951 3826 que
972 3729 1098 3802 milites
1118 3727 1164 3802 de
1181 3729 1288 3802 Nozin
1309 3729 1478 3801 violenter
1493 3736 1528 3800 et
1545 3727 1671 3820 injuste
1690 3727 1757 3799 sibi
1773 3745 1966 3820 usurpave-

397 3923 402 3934 .
552 3863 645 3947 runt,
661 3875 774 3926 coram
790 3856 891 3928 nobis
909 3857 944 3926 in
964 3854 1203 3947 Aldeuburoh,
1222 3851 1415 3927 secundum
1432 3851 1528 3948 quod
1545 3851 1716 3924 sententia
1733 3850 1890 3939 dictavit,
1906 3849 1966 3923 vi-

551 3977 675 4051 delicet
692 3979 770 4072 jure
784 3980 937 4073 plenario
957 3978 1195 4050 obtinuerunt.
1217 3978 1261 4049 Ut
1278 3977 1382 4070 igitur
1397 3976 1464 4048 boc
1480 3975 1670 4070 sollempne
1687 3977 1813 4047 lactum
1827 3983 1965 4046 maneat

551 4103 808 4196 inconvulsum,
818 4103 900 4176 inde
915 4103 1079 4199 pagiuam
1095 4101 1264 4175 conscribi
1278 4112 1312 4174 et
1325 4123 1401 4174 eam
1418 4101 1532 4195 sigillo
1547 4109 1665 4173 nostro
1679 4098 1832 4173 roborari
1845 4117 1965 4195 prece·

552 4228 665 4327 pimus
687 4251 766 4302 curn
784 4227 1025 4324 astipulatione
1044 4228 1182 4301 testium
1203 4247 1350 4322 quorum
1370 4227 1435 4299 heo
1447 4235 1529 4299 suut
1544 4225 1704 4299 uomina:

601 4353 722 4427 Comes
738 4352 937 4427 Gerhardus
953 4351 999 4426 de
1014 4352 1146 4443 Deisth,
1165 4373 1280 4424 comes
1298 4351 1498 4424 Lambertus
1514 4349 1560 4424 de
1576 4349 1776 4442 Herlordia,
1795 4349 1963 4443 prefectus

553 4479 750 4552 bleiuherus
780 4479 825 4552 de
856 4480 983 4570 Misna,
1015 4479 1187 4575 prefectus
1215 4477 1376 4550 Albertus
1406 4477 1450 4552 de
1475 4477 1699 4550 Aldeuburcb
1723 4484 1759 4547 et
1784 4472 1963 4546 Heinricus

555 4605 658 4676 irater
675 4605 751 4697 ejus
770 4603 815 4678 de
830 4603 1124 4695 Fluchelisberch,
1144 4601 1324 4676 Heinrious
1346 4601 1392 4675 de
1408 4601 1543 4694 Coldiz,
1563 4601 1725 4673 Albertus
1747 4598 1793 4672 de
1813 4595 1963 4670 Gerbar-

555 4726 730 4825 desborph
746 4738 781 4802 et
801 4729 904 4802 irater
925 4729 1018 4822 ejus,
1036 4727 1217 4800 Heinricus
1235 4727 1281 4801 de
1303 4727 1427 4818 llartb,
1447 4725 1626 4800 Ceuredus
1642 4723 1693 4799 de'
1709 4721 1868 4820 Schepbe
1888 4719 1963 4816 piu·
