4324 5916
491 579 553 642 860
1012 583 1184 644 llllhllllcl
1209 583 1374 648 SEPTlhll
1712 587 1792 669 [dun.
1810 585 1894 648 1225.

494 713 596 788 clesie
617 715 710 788 beati
731 717 874 792 Servatii
896 718 932 790 in
958 719 1112 812 Trajecto
1133 721 1342 816 prepositum
1369 741 1415 794 ex
1438 741 1507 794 una
1532 731 1628 816 parte
1651 730 1687 795 et
1709 721 1897 818 capitulum

493 839 650 933 ejusdem
668 841 811 915 ecclesie
826 863 873 915 cx
891 844 997 922 altera
1014 865 1120 940 super
1141 844 1326 919 donatione
1345 845 1541 920 obedientie
1558 855 1593 918 et
1606 846 1685 938 jure
1700 853 1900 942 patronatus

494 965 638 1038 ecclesis
656 966 881 1062 Fletingensis
909 990 989 1042 cum
1015 968 1089 1042 suis
1111 970 1325 1066 pertinentiis
1350 971 1485 1065 questio
1509 969 1627 1066 sepius
1645 979 1737 1044 mota
1759 969 1895 1060 fuisset,

493 1087 586 1201 idem
600 1091 794 1188 prepositus
807 1093 901 1165 omni
916 1094 1124 1189 actionique
1138 1103 1255 1167 uonna
1269 1095 1439 1190 prefatum
1453 1095 1640 1190 capitulum
1654 1117 1758 1192 nuper
1768 1095 1897 1168 eisdem

494 1215 597 1288 rebus
621 1215 688 1288 sibi
721 1227 913 1313 competere
940 1219 1143 1312 videbatur,
1178 1219 1395 1294 effectuando
1421 1219 1476 1316 (i)
1505 1220 1733 1294 renunciavit.
1758 1221 1902 1314 lnsuper

495 1340 596 1416 etiam
611 1350 750 1438 propter
764 1344 931 1418 cantelam
945 1344 1194 1437 abundantem,
1206 1355 1363 1441 presente
1374 1345 1524 1442 capitulo
1535 1345 1732 1441 supradicte
1741 1343 1896 1436 ecclesie,

493 1487 557 1562 pro
576 1465 730 1541 remedio
744 1467 861 1542 anime
877 1490 959 1560 sue,
975 1470 1136 1544 fratribus
1154 1468 1284 1544 ibidem
1302 1469 1360 1545 die
1377 1477 1551 1566 noctuque
1567 1472 1639 1542 Deo
1656 1469 1902 1543 famulantibus

493 1591 662 1688 quioquid
676 1593 766 1686 juris
781 1594 828 1669 ad
851 1615 932 1668 enm
954 1596 1147 1692 pertinebat
1163 1617 1268 1692 super
1283 1595 1389 1668 rebus
1407 1595 1566 1692 superius
1584 1594 1757 1691 expressis
1771 1593 1902 1666 libera-

493 1717 570 1791 liter
595 1719 755 1812 oontulit;
783 1719 843 1794 tali
867 1729 985 1794 tencre
1002 1719 1159 1794 adhibito
1176 1719 1272 1816 quod
1291 1719 1336 1794 de
1357 1721 1527 1794 fructibus
1544 1719 1674 1794 exinde
1696 1718 1901 1816 pruvenien-

493 1845 587 1918 tibns
608 1845 709 1942 panis
727 1845 921 1920 cutidianus
937 1848 1080 1920 fratrum
1101 1846 1138 1919 in
1160 1847 1304 1921 ecclesia
1317 1847 1388 1942 iam
1410 1847 1503 1920 dicta
1523 1845 1747 1920 residentium
1771 1865 1900 1938 augea·

494 1979 562 2042 tur.
584 1970 773 2045 Statuimns
796 1971 902 2066 igitur
925 1980 960 2045 et
983 1973 1050 2046 sub
1073 1971 1350 2045 interminatione
1366 1971 1475 2066 gratie
1495 1979 1609 2043 nostre
1631 1967 1838 2065 precipimus
1861 1977 1904 2040 ut

495 2096 591 2168 nulla
611 2117 770 2192 persona,
792 2095 932 2170 humilis
950 2097 1006 2170 vel
1027 2100 1113 2191 ulta,
1134 2098 1363 2172 ecclesiastica
1384 2098 1441 2170 vel
1462 2095 1641 2182 secularis,
1660 2095 1790 2168 factum
1807 2093 1900 2167 idem

496 2219 624 2294 audeat
643 2221 831 2315 infringere
853 2222 910 2295 vel
932 2221 1048 2317 aliquo
1074 2221 1298 2296 dissensionis
1319 2221 1482 2318 scrupulo
1505 2217 1716 2316 perturbare.
1732 2214 1789 2290 Ad
1803 2219 1904 2311 cnjus

498 2345 549 2418 rei
572 2353 700 2419 certam
720 2345 930 2421 evidentiam
955 2356 1146 2445 presentem
1166 2349 1328 2446 paginam
1348 2345 1516 2420 conscribi
1535 2355 1570 2418 et
1586 2343 1699 2440 sigillo
1717 2351 1832 2416 nostru
1853 2341 1901 2414 fe-

495 2469 607 2544 cimus
627 2467 797 2564 insigniri.

546 2595 662 2669 Testes
684 2594 734 2668 hii
753 2603 834 2668 sunt
849 2594 998 2670 Sifridus
1017 2595 1242 2692 hloguntinns
1258 2593 1550 2690 archiepiscopus,
1567 2590 1793 2686 Engelbartus
1806 2588 1904 2662 Colo-

497 2721 628 2795 niensis
645 2720 941 2818 archiepiscopus,
961 2721 1129 2796 Henrious
1144 2719 1404 2795 Wormatiensis
1420 2718 1617 2814 episcopus,
1636 2715 1714 2788 Otto
1729 2735 1843 2788 eomes
1858 2712 1903 2786 de

499 2846 756 2943 Tbekembnrg,
776 2845 954 2920 Conradus
972 2867 1087 2920 comes
1104 2844 1292 2938 Silvestris,
1317 2841 1495 2918 Conradus
1511 2862 1626 2916 comes
1644 2839 1689 2914 de
1708 2838 1900 2932 Everstein,

499 2971 733 3047 Theodericus
750 2971 796 3047 de
812 2971 1034 3067 Heinisbarg,
1058 2971 1221 3045 Gerlacus
1248 2971 1293 3045 de
1316 2968 1517 3064 Budingen,
1539 2965 1750 3040 Wernherus
1772 2963 1905 3061 dapifer

501 3097 546 3172 de
562 3097 751 3187 Bolaudan,
771 3096 948 3172 Corradus
962 3096 1116 3171 notarius
1132 3093 1385 3186 dsBoburdan,
1400 3093 1507 3168 etalii
1522 3091 1756 3190 quamplures.

547 3221 672 3298 Actum
687 3221 782 3321 apud
797 3223 1042 3314 frankenfurt,
1060 3243 1152 3295 anno
1169 3221 1215 3294 ab
1233 3220 1466 3294 incamatiouo
1485 3217 1623 3292 Domini
1643 3214 1823 3289 millesimo
1838 3212 1905 3286 du·

503 3349 690 3425 centesimo
711 3347 883 3445 vigesimo
905 3347 1045 3445 quinto,
1067 3345 1272 3422 duodecima
1294 3345 1460 3420 kalendas
1485 3341 1699 3433 novembris,
1720 3337 1907 3414 indictione

499 3475 782 3574 decimaquarta.

1235 3758 1687 3776 Μ

556 4050 755 4154 Henricus,
771 4045 1031 4131 Romanorum
1043 4064 1124 4142 rex,
1142 4037 1192 4121 ed
1207 4034 1425 4147 petitionem
1440 4027 1658 4142 Engelberti
1675 4023 1908 4110 Coloniensis

503 4183 773 4298 archiepiscopi
791 4190 827 4265 et
844 4178 1006 4262 fratrum
1024 4171 1187 4261 coenobii
1209 4169 1448 4281 Campensis,
1468 4166 1612 4251 eisdem
1632 4161 1812 4246 fratribus
1838 4161 1908 4241 in-

503 4324 637 4435 dulget
654 4329 698 4404 ut
714 4338 976 4429 quascumque
996 4308 1253 4422 possessiones
1271 4330 1295 4387 a
1311 4301 1487 4387 fidelibus
1512 4297 1661 4410 imperii
1679 4293 1910 4381 obtinuerint

504 4459 585 4544 sine
602 4452 772 4570 quelibet
788 4445 1083 4536 contradictione
1099 4443 1140 4524 in
1157 4449 1381 4552 perpetuum
1398 4434 1629 4548 possideant.

587 4673 685 4749 OEdld.
699 4672 892 4748 anomnnr,
909 4659 1090 4729 llrlrtcdcal.
1097 4659 1156 4742 sitr
1169 4658 1215 4722 dte
1230 4657 1325 4723 duct.
1348 4655 1396 4718 das
1414 4651 1576 4728 Ntedcrrlu,
1600 4667 1658 4712 su.
1677 4647 1778 4726 Band,
1801 4663 1832 4724 p.
1854 4653 1909 4718 us,

623 4791 656 4842 n⁰
678 4777 756 4858 tat.)
