4330 5914
539 605 600 668 '100
990 671 995 682 ,
1037 612 1454 686 rutbsttlc1‚ssscllrtu1
1484 681 1500 688 ἵ,
1763 613 1840 702 [dn.
1859 617 1941 680 ma.

542 741 750 814 venerabilis
775 745 976 818 boianensis
1003 749 1171 844 episcopi,
1193 749 1381 824 Riccardus
1408 749 1454 825 de
1475 751 1676 847 Principatu
1698 755 1940 847 marescalcus,

544 867 646 938 irater
660 865 700 938 G.
727 866 772 941 de
785 869 919 942 Merem
935 871 1081 966 dapifer,
1101 881 1135 944 et
1150 873 1208 944 alii
1227 877 1462 968 quamplures.

591 987 676 1062 Acta
693 1001 775 1062 sunt
792 992 857 1064 beo
873 1015 963 1065 anno
982 995 1154 1066 dominice
1173 997 1416 1070 incarnationis
1435 999 1617 1072 millesimo
1634 1001 1868 1075 ducentesimo
1887 1005 1945 1076 vi-
2154 993 2155 1006 ¹

542 1115 670 1186 cesimo
685 1127 797 1203 sexto,
814 1137 933 1189 mense
950 1119 1140 1206 decembri,
1158 1120 1412 1222 quintadecime
1430 1123 1639 1196 indictionis.
2151 1050 2156 1288 ι

590 1237 713 1310 Datum
729 1239 824 1334 apud
841 1241 922 1312 Tres
938 1241 1091 1332 Sanctus,
1109 1265 1213 1330 anno,
1233 1265 1350 1317 mense
1366 1252 1401 1318 et
1421 1245 1609 1320 indictione
1624 1247 1831 1343 prescriptis.

779 1546 903 1556 —-.-—-

352 1835 490 1944 (ἔχει,
592 1815 824 1924 Fridericus,
846 1819 1105 1904 Romanorum
1128 1821 1351 1930 imperator,
1382 1823 1431 1903 ed
1450 1821 1761 1937 supplicationem
1782 1823 1945 1932 episcopi

363 1943 479 1988 semea.
540 1947 739 2053 Asculani,
760 1953 927 2037 decimas
951 1979 1173 2062 camporum
1201 1979 1359 2038 suorum
1387 1954 1515 2041 Asculi
1542 1966 1579 2036 et
1602 1955 1789 2038 Candelae
1806 1981 1853 2036 ac
1868 1957 1943 2038 de·

539 2081 679 2162 cimam
718 2080 997 2190 bajulationum
1033 2084 1253 2166 earumdem
1294 2093 1481 2168 terrarum
1517 2086 1551 2166 ei
1586 2101 1623 2181 et
1652 2085 1830 2168 ecclesiae
1863 2086 1944 2196 ejus

539 2211 758 2318 confirmat,
779 2213 930 2322 aliaque
950 2213 1039 2322 jura
1055 2215 1179 2300 eidem
1198 2216 1377 2300 ecclesiae
1393 2243 1573 2300 concessa
1593 2219 1799 2300 summarie
1815 2219 1855 2300 in
1874 2220 1945 2302 isto

537 2344 733 2456 privileqn'o
751 2346 896 2428 inserit.

621 2557 1069 2640 [Edld.Uuumu,1tcl.racr.,
1085 2571 1108 2624 t.
1123 2561 1212 2636 VIII,
1228 2580 1258 2640 p.
1276 2571 1343 2624 226.
1358 2595 1398 2608 -
1416 2561 1627 2626 confirmatum
1642 2569 1671 2622 et
1683 2566 1825 2625 insertum
1845 2581 1864 2626 a
1883 2563 1945 2626 Ga-

660 2669 721 2730 rolo
734 2669 749 2730 1
763 2667 915 2748 Andegav.
930 2671 961 2728 ln
976 2670 1130 2748 privilegio
1144 2669 1204 2730 dat.
1218 2671 1353 2748 Neapoli,
1372 2680 1408 2731 ιο
1421 2669 1496 2732 lebr.
1516 2679 1604 2747 1280,
1615 2669 1688 2730 Vlll
1700 2671 1814 2750 indict.)

585 2855 787 2930 Fredericus
811 2857 1043 2932 Romanorum
1072 2857 1266 2952 imperator,
1297 2877 1431 2952 semper
1459 2865 1644 2950 aeguum,
1672 2856 1884 2930 Hierusalem
1908 2864 1945 2930 et

536 2981 653 3056 Sicilie
670 3003 742 3057 rex.
765 2982 828 3054 Per
850 3001 991 3076 presens
1007 2981 1173 3075 scriptum
1192 2991 1311 3056 notum
1329 2983 1475 3054 iacimus
1495 2981 1665 3056 universis
1684 2981 1845 3057 fidelibus
1862 3002 1944 3054 nos-

539 3105 601 3178 tris
622 3114 691 3180 tam
711 3104 928 3199 presentibus
943 3125 1050 3198 quam
1068 3104 1193 3176 laturis
1210 3105 1305 3197 quod
1323 3106 1467 3181 veniens
1485 3125 1599 3178 coram
1619 3105 1720 3185 nobis
1736 3105 1944 3178 venerabilis

539 3229 722 3324 episcopus
734 3229 940 3314 Asculanos,
956 3227 1068 3300 fidelis
1078 3235 1113 3300 et
1125 3228 1300 3301 familiar-is
1316 3239 1443 3320 noster,
1462 3229 1629 3324 majestati
1641 3237 1757 3302 nostre
1770 3227 1943 3300 humiliter

539 3351 748 3448 supplicavit
765 3361 935 3445 quatenos
958 3351 1110 3425 decimae
1127 3371 1326 3446 camporum
1342 3363 1535 3428 nostrorum
1553 3351 1669 3426 Asculi
1687 3362 1722 3424 et
1738 3351 1886 3426 candele
1901 3373 1942 3425 ac

541 3475 711 3549 decimam
735 3473 983 3566 bajulationum
1013 3475 1212 3548 earumdem
1240 3485 1424 3562 terrarum,
1455 3475 1648 3550 meandum
1676 3475 1771 3568 quod
1793 3485 1941 3570 tenpore

537 3599 630 3692 regis
654 3598 815 3672 Gulielmi
832 3599 860 3670 ll
885 3599 1080 3672 consobrini
1098 3599 1203 3672 nostri
1227 3600 1336 3674 felicis
1357 3601 1521 3674 memorie
1547 3600 1848 3695 predecessoribus
1869 3599 1943 3674 suis

539 3724 613 3800 dari
633 3733 900 3814 consueverunt,
920 3724 1038 3798 sibiet
1055 3745 1118 3798 sne
1135 3725 1279 3798 ecclesie
1295 3725 1541 3801 mandaremus
1556 3723 1821 3798 misericorditer
1835 3724 1942 3798 exbi-

540 3848 634 3940 beri,
660 3857 729 3920 tam
748 3869 811 3942 pro
828 3868 920 3922 anno
938 3847 1014 3942 ipso
1036 3848 1185 3943 presenti
1201 3869 1306 3941 quam
1324 3849 1429 3922 etiam
1450 3869 1512 3943 pro
1529 3849 1740 3942 temporibus
1762 3849 1883 3920 ceteris
1904 3847 1940 3918 in

539 3977 713 4061 loturum,
736 3972 902 4046 ucetiam
923 3973 1021 4044 solita
1040 3973 1222 4048 clementia
1248 3973 1330 4046 inde
1352 3973 1419 4046 sibi
1444 3972 1663 4067 privilegium
1687 3970 1791 4044 edere
1810 3971 1941 4064 digna-

537 4121 670 4188 remur,
690 4105 810 4192 petens
824 4095 1047 4168 nihilominus
1062 4097 1164 4170 inseri
1181 4097 1217 4168 in
1233 4096 1354 4170 eodem
1373 4097 1441 4170 alia
1451 4097 1531 4188 jura
1544 4117 1609 4168 sue
1620 4094 1765 4168 ecclesie
1780 4115 1941 4169 concessu

541 4231 576 4295 et
593 4219 793 4294 confirmata
808 4219 893 4298 alias
905 4241 951 4292 cx
968 4219 1159 4316 privilegiis
1174 4221 1257 4294 dicti
1276 4221 1379 4314 rugis.
1396 4221 1524 4294 Verum
1541 4243 1620 4294 cum
1636 4239 1700 4292 nos
1711 4218 1822 4314 primo
1837 4239 1941 4313 super

538 4345 712 4442 premissis
737 4343 882 4420 decimis
906 4366 967 4440 per
994 4346 1194 4440 episcopum
1219 4347 1384 4420 loannem
1413 4345 1457 4420 de
1482 4347 1599 4418 Monte
1625 4343 1761 4421 fidelem
1787 4351 1941 4416 nostrum

541 4469 794 4564 preceperimus
809 4469 993 4562 diligenter
1014 4469 1143 4564 inquiri
1160 4469 1189 4542 si
1208 4468 1363 4564 predicte
1378 4469 1513 4545 decime
1530 4479 1600 4542 tam
1619 4487 1817 4562 camporum
1835 4487 1941 4560 quam

538 4591 788 4683 bajulationum
805 4593 937 4687 prelato
952 4592 1114 4687 episcopo
1133 4601 1168 4666 et
1184 4592 1485 4688 predecessoribus
1503 4592 1576 4666 sois
1590 4592 1803 4666 solverentur
1814 4611 1941 4684 supra-

540 4717 633 4791 dicto
652 4725 820 4811 tempore,
845 4713 916 4815 [et]
940 4717 1040 4792 nobis
1060 4720 1162 4814 plene
1185 4718 1374 4792 eonstiterit
1396 4739 1442 4792 ex
1465 4717 1575 4812 ipsius
1602 4715 1825 4811 inquisitione
1844 4713 1939 4810 qnod
