4326 5910
165 587 166 591 '
212 603 387 688 ramora]
660 593 1174 660 ursronrnurruouurrcr.
1565 593 1622 657 851

213 741 386 854 partibus
403 733 649 821 Alemanniae
666 758 815 817 moram
838 757 949 815 suam
971 739 1167 840 proroget,
1189 728 1423 838 usquedum
1441 753 1530 810 cum
1549 753 1621 810 as-

215 901 330 960 sensu
348 869 583 958 Coloniensis
601 866 870 977 archiepiscopi
888 875 925 948 et
942 864 1022 947 sine
1039 862 1206 974 periculo
1219 861 1359 971 negotii
1374 861 1446 944 sibi
1463 860 1624 972 injuncti

216 1007 389 1092 recedere
405 1003 539 1118 possit.

268 1297 279 1326 ,ι
301 1219 401 1300 (ltdld.
416 1219 541 1292 nrm,
554 1213 683 1278 Foedera
695 1221 723 1277 ct
734 1220 874 1288 mourut,
888 1219 962 1274 tom.
978 1215 1004 1288 Ι,
1019 1229 1049 1290 p.
1063 1210 1144 1290 282.)

271 1409 346 1480 Rex
371 1405 533 1502 episcopo
555 1404 758 1478 Carleolensi
788 1404 946 1476 salutem.
975 1403 1026 1473 De
1048 1399 1279 1473 sollicitudine
1302 1399 1463 1472 continua
1490 1411 1524 1474 et
1550 1401 1633 1473 lan-

224 1532 333 1607 dabili
352 1532 409 1604 cui
427 1531 612 1626 vigilanter
628 1529 787 1604 insistitis
803 1529 849 1602 ad
870 1528 1033 1602 honorem
1052 1537 1206 1600 nostrum
1223 1527 1479 1624 pmourandnm
1498 1527 1533 1598 in
1551 1549 1634 1624 par·

226 1658 319 1731 tibus
334 1655 545 1752 longinquis,
567 1677 698 1730 moram
717 1655 881 1728 facientes
900 1655 936 1726 in
962 1655 1078 1728 labore
1098 1662 1132 1727 et
1150 1653 1262 1746 tedio,
1283 1654 1319 1724 iu
1345 1653 1542 1750 sumptibus
1565 1674 1635 1726 non

226 1781 373 1855 modicis
390 1778 456 1877 (t),
474 1780 693 1854 dilectionem
712 1789 862 1854 uestram
881 1779 1067 1853 affectuose
1082 1779 1322 1875 prosequimur
1345 1799 1424 1850 cum
1449 1778 1635 1872 gratiarum

227 1907 374 1980 actione.
404 1906 489 1978 Cum
515 1915 630 1980 autem
649 1928 697 1980 ex
717 1905 928 1979 transmissis
951 1904 1052 1978 nobis
1078 1903 1210 1978 domiui
1231 1903 1441 1978 Coloniensis
1467 1912 1502 1978 et
1527 1905 1570 1976 Η.
1591 1903 1637 1978 do

230 2031 426 2126 Zudentorp
456 2031 575 2103 litteris
603 2029 857 2126 acceperimus,
891 2029 988 2125 quod
1016 2039 1051 2103 et
1076 2029 1177 2102 nobis
1203 2029 1285 2102 satis
1315 2039 1368 2102 est
1395 2030 1634 2121 manifestum,

230 2155 326 2253 quod
343 2155 454 2254 ipsius
469 2155 600 2228 domini
629 2155 840 2229 Coloniensis
858 2155 948 2228 sicut
966 2163 1003 2226 ut
1022 2156 1207 2228 multorum
1224 2153 1270 2227 de
1293 2153 1448 2251 partibus
1469 2155 1535 2226 illis
1552 2177 1638 2252 gra-

231 2281 315 2356 tiam
332 2281 549 2356 obtinueritis
562 2279 609 2355 ud
621 2279 756 2377 agenda
773 2291 888 2354 nostra
904 2281 1078 2354 efficacius
1094 2289 1128 2354 et
1142 2281 1275 2354 facilius
1289 2279 1521 2378 expedienda,
1540 2281 1640 2354 vobis

233 2405 440 2480 mandamus
465 2415 626 2500 rogantes
655 2417 825 2502 quatenus
858 2405 923 2508 [in]
950 2407 1107 2504 partibus
1134 2407 1202 2479 illis
1229 2407 1345 2482 adbuc
1371 2407 1545 2480 immorari
1572 2429 1641 2480 non

234 2531 416 2624 omittatis,
446 2532 658 2628 inquirentes
676 2541 789 2606 tamen
809 2554 920 2628 usque
936 2531 983 2606 ad
1004 2533 1128 2606 festum
1149 2532 1263 2606 Sancti
1280 2533 1456 2608 Michaelis
1472 2541 1542 2606 tam
1561 2531 1645 2606 dili·

236 2664 355 2752 genter
370 2679 476 2754 quam
494 2655 681 2754 prudenter
698 2657 728 2729 si
748 2679 828 2730 cum
851 2657 944 2731 bona
962 2658 1138 2732 voluntate
1157 2667 1193 2730 et
1211 2680 1355 2732 assensu
1381 2659 1492 2756 ipsius
1515 2659 1646 2733 domini

237 2781 464 2872 Coloniensis,
483 2791 517 2855 et
533 2781 684 2855 maxime
708 2803 752 2855 nc
773 2804 820 2856 ex
838 2804 977 2856 recessu
1002 2792 1115 2856 vestro
1134 2783 1329 2876 injunctum
1348 2784 1450 2858 vobis
1471 2785 1645 2882 negotium

238 2906 353 3004 rumpi
378 2907 572 3002 contingat,
601 2930 622 2981 a
648 2906 804 3004 partibus
830 2908 897 2982 illis
925 2908 1085 2984 recedere
1111 2907 1262 3006 possitis.
1288 2909 1379 2982 Etsi
1403 2910 1450 2984 ad
1475 2931 1646 2984 recessum

240 3042 392 3106 vestrum
417 3033 504 3107 torto
530 3033 683 3106 cucurrit
708 3033 799 3108 bona
821 3035 983 3108 voluntas
1006 3043 1041 3108 et
1063 3056 1226 3109 assensus
1249 3035 1360 3132 ipsius
1388 3033 1521 3108 domini
1546 3035 1648 3109 Colo-

241 3157 370 3232 niensis
383 3181 463 3234 cum
480 3180 543 3256 spe
555 3159 685 3254 negotii
703 3159 809 3234 nostri
828 3160 1070 3256 promovendi,
1087 3181 1150 3236 nos
1166 3183 1270 3258 super
1288 3159 1355 3234 hiis
1369 3160 1529 3234 omnibus
1544 3161 1647 3234 simul

243 3305 323 3356 cum
346 3285 490 3360 consilio
512 3293 627 3359 nostro
651 3285 806 3359 reddatis
828 3287 1028 3380 instructos,
1048 3296 1088 3360 ut
1108 3309 1155 3362 ex
1182 3296 1265 3362 tunc
1291 3285 1388 3382 quod
1412 3285 1448 3360 in
1471 3286 1537 3360 hac
1554 3295 1650 3384 purte

243 3408 343 3483 nobis
361 3409 494 3508 placeat
509 3410 613 3482 simul
629 3419 665 3483 et
679 3407 845 3506 expediat
858 3409 1056 3485 discretioni
1072 3420 1185 3486 vestm
1198 3411 1428 3484 rescribamus
1442 3407 1508 3508 (2).

293 3533 392 3607 Teste
408 3555 491 3630 rege
508 3533 604 3632 apud
617 3535 977 3630 westmonasterium,
995 3535 1119 3610 XXVII
1135 3535 1194 3611 die
1206 3537 1360 3630 augusti,
1382 3533 1487 3636 [anno
1501 3533 1577 3636 IX].

282 3895 319 3969 (a)
336 3895 404 3954 ssa
418 3897 476 3972 jam
496 3898 605 3974 sorpto
625 3898 767 3973 aaaron
783 3899 844 3974 juro
863 3901 947 3971 raas,
962 3915 1010 3957 rex
1026 3899 1136 3974 ungriae
1149 3879 1276 3974 apocopa
1289 3897 1449 3958 carlatensi
1461 3907 1489 3958 a
1501 3897 1610 3958 nicolao
1623 3897 1658 3958 aa

247 3993 323 4053 lotis
339 3993 512 4056 mundaverat
528 4002 559 4054 ut
576 3997 748 4073 imperatoris
761 4005 789 4057 ct
802 3998 880 4058 ducis
892 3999 1015 4057 Amatae
1027 4013 1185 4073 responsum
1198 3999 1332 4074 accepturi
1345 4013 1450 4058 moram
1470 4013 1546 4056 snam
1560 4013 1658 4073 proro-

249 4097 351 4166 garunt.
363 4092 404 4152 u.
418 4095 529 4167 Rursus,
547 4094 664 4167 Ibidem,
679 4113 707 4171 p.
722 4101 787 4156 280.

286 4191 323 4266 (²)
341 4192 484 4267 Negotium
508 4210 573 4254 vcro
594 4196 665 4269 regis
681 4195 791 4270 Augbae
812 4196 923 4254 minime
943 4195 977 4254 ad
995 4200 1116 4270 optatum
1135 4195 1216 4254 tinem
1235 4197 1373 4270 pervenit,
1388 4211 1451 4254 cum
1462 4197 1529 4254 haec
1540 4196 1658 4270 laganum

251 4288 323 4364 apud
336 4288 510 4350 Gmoffidum
521 4291 704 4352 Coloniensem
715 4311 723 4350 r
738 4295 842 4352 «buno
855 4294 960 4352 Domini
972 4295 1130 4366 mecm,
1139 4294 1280 4352 lleinricus
1291 4310 1339 4351 rex
1352 4295 1454 4350 curiam
1467 4293 1561 4350 babuit
1573 4294 1656 4351 Fran·

253 4406 267 4440 n
282 4386 399 4446 kiuvort.
411 4389 465 4448 Ubi
478 4391 586 4466 φιίὀεω
601 4393 745 4468 episcopus
761 4392 864 4467 (agitur
884 4393 918 4451 do
937 4389 1109 4466 Carleolansi)
1124 4391 1222 4450 missus
1236 4409 1252 4450 a
1266 4409 1328 4466 roge
1341 4391 1451 4464 Angliae
1467 4407 1530 4448 cum
1544 4392 1658 4449 cacteris

255 4503 268 4537 ι
284 4484 368 4560 ipsius
380 4485 473 4562 legatis
486 4488 571 4560 alluit,
590 4489 715 4549 laborans
724 4496 754 4548 ut
766 4490 823 4566 ipss
838 4507 885 4548 rex
896 4489 1093 4548 matrimonium
1102 4489 1274 4547 contraheret
1283 4504 1345 4546 cunr
1356 4503 1448 4546 sorore
1458 4488 1530 4562 ragis
1538 4489 1656 4563 Augtiue.

255 4581 337 4642 »Sed
356 4599 419 4641 cum
439 4583 500 4642 talis
520 4592 672 4646 contractus
688 4588 869 4664 displicuisset
882 4586 1049 4662 principibus
1062 4602 1113 4646 uec
1126 4587 1259 4661 potuisset
1270 4586 1371 4646 babere
1384 4601 1557 4662 processum,
1573 4588 1660 4644 nuntii

257 4679 372 4739 »luade
383 4688 562 4741 monentur.
573 4705 587 4738 r
598 4685 657 4756 Quo
671 4691 791 4762 temporo
807 4685 886 4744 luerit
903 4685 971 4743 baec
984 4683 1117 4744 celebrata
1135 4686 1208 4744 curia
1230 4685 1302 4762 apud
1321 4685 1470 4758 Frauclort,
1486 4685 1613 4744 dimimm
1626 4703 1660 4744 cx

254 4777 1069 4860 cromanoinruemurmoneavroumporc.
1645 4765 1647 4772 ’
