4324 5912
491 511 571 574 1012
950 513 1076 572 innox
1099 513 1446 576 DOCUMENTORUM.

491 711 631 835 Q

920 839 1040 916 eapeiiis
1054 844 1269 919 pertinentibus
1285 843 1324 904 ad
1342 845 1499 920 imperinm
1512 849 1641 920 spectat,
1654 847 1795 920 metito
1813 843 1910 919 ΡΝ·

919 935 1049 998 dandum
1062 939 1208 1000 conoedit.
1849 947 1909 999 ⁸⁷⁸

501 1047 536 1101 tt
550 1053 620 1115 ang.
653 1033 712 1112 Αρ.
726 1033 859 1096 Uimam.
878 1063 921 1081 -
940 1034 1048 1094 Notaro
1061 1035 1133 1095 iacit
1145 1035 1270 1096 iormam
1286 1037 1504 1113 campoddonia
1522 1051 1622 1096 coram
1635 1052 1667 1096 ae
1679 1043 1710 1096 ct
1723 1035 1798 1096 doce
1812 1035 1911 1096 Bava-

920 1131 983 1190 riaa
1003 1135 1132 1192 nutricio
1157 1150 1212 1194 ano
1234 1133 1343 1194 iactam
1365 1137 1443 1195 inter
1463 1132 1600 1194 abbatem
1621 1139 1652 1194 et
1672 1139 1850 1194 conantum
1872 1133 1912 1193 de

921 1228 1131 1306 Krentaiiogen
1160 1235 1191 1290 et
1216 1233 1353 1290 comitem
1373 1229 1529 1290 Aibartom
1550 1231 1588 1290 de
1609 1230 1802 1291 liodmhercir
1823 1245 1911 1306 supa

922 1323 1007 1384 bonta
1029 1327 1059 1384 in
1083 1326 1256 1405 Nectar-gan
1276 1336 1305 1388 et
1324 1328 1514 1388 censoaiiians
1534 1327 1704 1388 horninibus
1722 1328 1859 1388 maiae
1878 1329 1912 1386 in

922 1422 1270 1501 Wurmeiiogenabista
1281 1424 1663 1485 eccicaianonaiienandis.
1853 1431 1911 1484 ata

492 1520 634 1611 [angust]
656 1523 714 1600 rip.
727 1522 859 1584 iiimam.
882 1551 922 1564 -
942 1519 1191 1596 Compositionern
1206 1522 1363 1582 confirmat
1380 1523 1530 1597 qnondam
1549 1523 1653 1582 initam
1666 1537 1719 1598 per
1734 1520 1912 1582 Lothoidorn

921 1617 1110 1678 Baaiiienaem
1123 1621 1294 1696 episcopum
1307 1627 1338 1678 et
1350 1620 1539 1680 Bertiroidum
1553 1620 1657 1680 docem
1670 1621 1824 1696 zaringiae
1837 1621 1914 1678 inter

922 1714 1059 1775 abbatem
1073 1715 1110 1775 de
1123 1717 1297 1776 Beinwm'ier
1309 1733 1346 1776 ax
1360 1723 1516 1794 cooperte
1530 1723 1562 1778 et
1572 1718 1685 1778 nobiles
1697 1717 1735 1776 de
1748 1715 1913 1776 'i'iriermdn

922 1829 961 1872 ex
974 1813 1076 1873 aitera.
1854 1821 1908 1874 tat

504 1927 542 1980 to
556 1933 627 1996 ang.
715 1915 804 1992 Apud
883 1907 1097 1968 -Advocato
1120 1913 1150 1968 et
1177 1907 1372 1986 burgensibus
1399 1909 1550 1970 Goaiariae
1574 1907 1697 1968 mandat
1720 1915 1755 1968 nt
1780 1909 1913 1970 Conrado

663 1997 859 2074 Wlmlilntm·
923 2008 1060 2082 episcopo
1082 2005 1333 2078 Hiideairamenai,
1359 2023 1412 2084 pro
1438 2009 1580 2067 contium
1598 2022 1668 2083 erga
1690 2023 1723 2066 ae
1743 2012 1774 2065 et
1800 2013 1913 2082 patrem

924 2120 1012 2164 soum
1026 2103 1183 2181 ddeiitate,
1204 2111 1308 2166 moira
1326 2107 1481 2165 monnicae
1498 2105 1648 2164 Gosiariae
1664 2107 1775 2181 injure
1787 2107 1913 2180 ejosas-

924 2203 1045 2273 antam,
1064 2217 1133 2260 corn
1150 2203 1366 2278 jurisdictionis
1385 2203 1527 2277 possessio
1545 2216 1634 2276 snper
1653 2199 1791 2260 ecciesiae
1810 2200 1914 2260 (iosia-

925 2298 1037 2356 rienaes
1058 2313 1135 2374 qnae
1157 2297 1195 2356 ab
1213 2297 1431 2376 archiepiscopo
1449 2297 1625 2374 Magantino
1646 2299 1780 2374 impetita
1800 2297 1913 2374 inerat,

926 2395 1021 2454 eidem
1035 2396 1172 2470 episcopo
1192 2393 1281 2454 faerit
1297 2394 1467 2471 adjudicata
1488 2401 1518 2453 et
1535 2409 1555 2454 a
1574 2391 1710 2454 Conrado
1731 2394 1914 2472 Apostoiicao

925 2491 1009 2552 Sedis
1022 2493 1118 2568 iegato
1131 2490 1314 2552 coniirmata.
1857 2501 1913 2552 888

505 2611 543 2665 ta
557 2619 628 2681 ang.
718 2597 808 2675 Apud
887 2619 926 2632 -
947 2589 1081 2648 Conrado
1094 2590 1230 2664 episcopo
1247 2589 1493 2668 iiiideshemeosi,
1506 2597 1624 2670 propter
1638 2605 1747 2667 magna
1759 2595 1790 2649 et
1803 2605 1914 2666 semper

665 2680 862 2758 Wimpinam.
927 2692 1047 2761 accepta
1057 2686 1916 2764 servitiaqnaesibietimperiopraestidtconiirmat,sicat

927 2789 958 2842 et
971 2789 1053 2860 pater
1066 2785 1209 2860 suusJam
1227 2784 1310 2862 iecit,
1324 2785 1527 2846 dioecesanam
1538 2785 1773 2862 jurisdictionem
1786 2783 1839 2843 dic
1856 2783 1915 2841 iiti-

928 2881 1742 2958 giosamsoperpraepositometcopitoiamiiosiariense.
1758 2886 1915 2940 stomata

499 3003 538 3056 ,Β
561 2999 637 3072 pepp,
678 2991 845 3066 mugen,
887 3009 928 3022 -
947 2976 1178 3054 adpetitionem
1193 2993 1297 3054 papae,
1314 2977 1916 3057 patriarchaeieroaoiymitanietiratrom

929 3073 1009 3150 apod
1021 3073 1216 3134 Iienkendori
1222 3079 1477 3146 commorantium,
1490 3077 1641 3136 eocioeiam
1654 3076 1801 3136 Dominici
1812 3075 1916 3151 Sepni-

928 3175 970 3232 cri
984 3171 1094 3230 ibidem
1112 3187 1182 3231 com
1200 3172 1336 3232 omnibus
1354 3175 1419 3249 ejas
1433 3175 1607 3250 appenditiis
1621 3177 1653 3233 in
1671 3190 1726 3234 aaa
1739 3176 1917 3250 protectione

929 3271 1049 3344 recipit,
1065 3272 1227 3346 statuitque
1240 3276 1274 3330 nt
1292 3271 1424 3346 ejusdem
1438 3271 1576 3332 ecciesiae
1589 3275 1732 3348 protectio
1749 3288 1811 3332 non
1829 3272 1918 3348 possit

929 3365 1154 3426 abanctoritate
1166 3367 1309 3442 imperiali
1323 3369 1454 3429 ademari.
1860 3375 1916 3427 884

509 3474 638 3536 7001012,
674 3469 733 3547 Ap,
748 3469 856 3548 Περεῖ
890 3493 930 3506 —
950 3462 1143 3538 Recognoscit
1161 3462 1325 3524 Gerecirino
1344 3463 1382 3524 de
1401 3463 1514 3542 sintatg
1532 3468 1584 3541 Jua
1606 3471 1781 3542 patronatus
1801 3467 1835 3524 in
1858 3466 1917 3524 iio-

929 3561 1072 3638 nigsiaid,
1087 3559 1144 3620 hac
1157 3561 1324 3621 conditione
1337 3568 1372 3622 ot
1384 3563 1508 3623 ciericos
1522 3565 1554 3622 in
1567 3562 1624 3622 hac
1637 3563 1708 3622 viiia
1720 3570 1751 3624 at
1763 3565 1797 3623 in
1808 3563 1918 3640 capeiia

930 3661 1019 3718 castri
1031 3659 1189 3734 imperialis
1201 3659 1371 3721 Landscron
1383 3660 1472 3722 iaciat
1485 3661 1679 3721 residentiam.
1861 3669 1915 3722 885

522 3773 622 3827 onor.
723 3761 812 3839 Apud
890 3787 932 3801 -
951 3755 1097 3816 coenobio
1110 3755 1210 3816 Sancti
1225 3759 1303 3818 Petri
1316 3761 1348 3818 in
1361 3759 1464 3835 Aegea
1476 3757 1673 3836 (Weisscnao)
1688 3759 1840 3819 ecetesiam
1853 3775 1917 3835 par·

663 3844 871 3920 weingarten·
931 3852 1089 3912 rochiaiem
1112 3853 1284 3930 Briganaiae
1309 3871 1379 3914 cum
1404 3856 1516 3931 capeiia
1542 3857 1573 3914 in
1599 3853 1731 3914 Woiinrt
1754 3854 1917 3924 contradit,

931 3966 1108 4026 omnemque
1121 3952 1308 4012 traditionem
1324 3969 1414 4028 mam
1433 3961 1515 4026 pater
1529 3969 1600 4012 snus
1614 3959 1645 4012 ct
1656 3954 1763 4012 caeteri
1776 3955 1824 4010 sui
1837 3967 1917 4029 prae·

932 4045 1098 4108 decessores
1111 4049 1205 4108 eidem
1219 4051 1353 4110 iecerunt
1364 4049 1530 4120 ooniirmat,
1544 4056 1677 4110 statuens
1694 4055 1729 4108 nt
1740 4065 1775 4108 ea
1789 4049 1918 4108 libertate

932 4141 1048 4202 norror
1071 4159 1130 4219 qua
1154 4151 1268 4204 caetera
1297 4145 1437 4205 coenobia
1464 4151 1584 4204 sanctam
1606 4145 1756 4204 Romanae
1777 4144 1919 4204 Ecclesiae

932 4241 1096 4300 attinentia
1865 4249 1918 4301 888

516 4352 634 4405 ttnov.
690 4339 853 4418 Aogmtae.
893 4367 934 4380 -
953 4335 1164 4396 Monasteriom
1185 4336 1315 4415 Ursperg
1336 4342 1422 4416 cajus
1443 4339 1627 4400 advocatiam
1646 4355 1664 4398 a
1684 4343 1768 4414 patre
1785 4353 1840 4397 sno
1857 4339 1919 4398 Fri·

933 4434 1031 4494 dorico
1049 4436 1078 4494 ii
1092 4435 1176 4494 tituio
1195 4438 1324 4514 pignoris
1337 4437 1510 4516 obligatam,
1525 4437 1659 4498 domatis
1677 4439 1784 4496 marcia
1802 4451 1921 4512 aprae-

934 4537 1029 4608 posito
1048 4539 1078 4591 et
1101 4532 1239 4592 iratribus
1255 4535 1386 4610 ejusdem
1403 4535 1522 4596 ciaustri
1541 4535 1712 4611 persointis,
1728 4551 1767 4594 ax
1782 4541 1923 4610 potestate

933 4630 1047 4690 Aiberti
1061 4629 1097 4690 de
1110 4631 1287 4692 Niweabnrc
1299 4633 1472 4706 redemerat,
1485 4633 1540 4694 soit
1553 4639 1648 4694 suaet
1659 4634 1774 4710 imperii
1786 4639 1922 4710 pmpetoa
