4324 5916
766 611 1079 674 contristemus.
1565 611 1626 674 927

211 761 247 824 et
263 749 416 824 obizone
428 747 595 825 Amicone
610 773 673 848 per
691 751 726 824 la
747 750 959 824 communita
977 749 1023 824 de
1039 749 1185 835 lllilan03
1204 748 1360 824 Rolando
1376 748 1414 823 di
1428 749 1626 824 Gothoiredi

212 887 247 950 et
259 876 388 950 Jacobo
399 875 608 972 Pondiperto
622 897 685 972 per
700 876 867 968 Bononia,
885 874 1049 971 Oprando
1067 875 1112 949 de
1129 876 1271 950 llaterio
1286 885 1322 950 et
1334 875 1441 950 Obizo
1456 875 1502 949 de
1515 875 1626 968 Ugoni
1666 933 1667 937 a

213 1023 275 1097 per
287 1001 437 1094 Bressia,
456 999 603 1074 Adveno
616 1009 651 1074 et
668 1000 797 1074 Iacobo
815 999 860 1074 de
873 998 996 1072 Amico
1012 1007 1047 1072 et
1063 998 1203 1073 Alberto
1221 999 1266 1074 de
1281 1000 1306 1070 li
1322 997 1431 1074 Arloti
1452 1021 1514 1095 per
1529 999 1628 1072 Men·

214 1137 292 1212 tua;
312 1125 452 1199 Alberto
463 1125 708 1199 'Fettarecchia
724 1135 759 1198 et
776 1123 957 1198 Ambrosio
972 1123 1103 1197 Porcha
1125 1146 1189 1220 per
1204 1124 1377 1216 Vercelle‚
1406 1122 1566 1196 Gnidono
1583 1123 1630 1198 de

212 1253 338 1325 Ploana
344 1249 421 1348 (ric)
431 1260 466 1324 ct
472 1252 605 1325 Ioanne
612 1249 745 1346 Ardigo
755 1271 818 1347 per
826 1247 1171 1342 alexandriolam
1180 1249 1299 1342 judice
1310 1257 1345 1322 et
1354 1247 1494 1323 Alberto
1503 1248 1548 1322 (1ο
1557 1251 1628 1322 Sol·

213 1397 299 1451 zano
311 1375 579 1473 pervincentia,
591 1375 736 1469 Oldrigo
750 1375 788 1450 di
802 1375 941 1448 Liunini
953 1374 1103 1468 judicee
1116 1375 1205 1449 Gilio
1218 1375 1264 1450 de
1277 1375 1408 1448 Bonicii
1420 1395 1482 1471 per
1493 1374 1625 1468 Padua,

213 1502 404 1576 llambuldo
422 1501 529 1576 Conte
544 1523 565 1575 e
582 1499 719 1593 Gigotto
742 1521 804 1598 per
819 1501 984 1590 Tririsi03
1004 1521 1025 1573 e
1043 1499 1068 1571 il
1085 1507 1299 1574 sacramento
1315 1501 1405 1574 lacto
1426 1521 1488 1596 per
1508 1501 1532 1572 li
1554 1521 1629 1574 rec·

214 1627 280 1700 tori
297 1626 444 1722 predicti
466 1647 526 1700 ern
540 1625 576 1698 in
592 1635 716 1722 questo
732 1624 837 1699 modo
855 1651 865 1696 ε
885 1649 903 1694 ((
919 1615 1040 1698 lo'che
1056 1645 1141 1698 sono
1154 1634 1287 1700 rectore
1299 1626 1380 1718 juro
1397 1645 1461 1720 per
1477 1623 1502 1696 li
1518 1625 1629 1698 sancti

213 1751 394 1848 Evangelii
412 1751 478 1825 che
494 1771 560 1824 oon
578 1751 697 1824 buona
721 1750 800 1824 lede
816 1750 971 1824 exerciro
995 1751 1029 1822 lo
1047 1749 1161 1823 officio
1185 1771 1207 1822 a
1229 1771 1286 1822 rne
1305 1769 1506 1823 concessos
1523 1749 1628 1824 lere·

214 1877 317 1972 gione
340 1877 386 1950 de
409 1877 442 1950 le
459 1875 680 1970 jurisditione
701 1897 797 1948 amc
811 1897 872 1970 per
889 1876 1010 1971 vigore
1032 1875 1070 1949 di
1091 1875 1203 1948 officio
1221 1883 1424 1971 sottoposte‚
1445 1897 1466 1948 e
1487 1896 1629 1949 concor·

215 2001 340 2075 davole
356 2021 433 2074 sero
451 2021 517 2074 oon
531 2000 557 2072 li
572 2000 650 2074 altri
666 2000 789 2073 rectori
805 2000 842 2072 in
866 2009 952 2074 tutto
965 2001 1081 2096 quello
1096 2021 1173 2074 sera
1187 1999 1377 2096 pertinente
1393 2001 1426 2074 al
1445 2019 1629 2074 commune

214 2135 302 2200 stato
323 2147 343 2200 e
364 2126 513 2200 utilitate
531 2125 577 2201 de
598 2134 687 2199 tutta
706 2127 740 2200 la
756 2125 913 2222 predicta
937 2125 1009 2220 liga
1033 2148 1054 2200 ο
1077 2125 1123 2200 (1ο
1147 2125 1334 2200 ciaschuno
1349 2147 1533 2201 commune
1562 2126 1627 2200 che

215 2259 352 2326 entrare
367 2250 404 2322 in
423 2271 529 2348 epsa;
547 2273 568 2324 ο
587 2271 690 2325 senza
706 2252 829 2328 fraude
845 2251 930 2326 darc
948 2273 1054 2348 opera
1076 2250 1122 2325 de
1144 2261 1343 2327 mantenerc
1360 2274 1381 2326 e
1397 2255 1469 2326 lare
1490 2274 1629 2328 servare

214 2385 338 2470 questa
355 2375 519 2450 societate
532 2397 553 2451 e
568 2376 655 2471 liga,
672 2397 694 2450 e
711 2376 806 2450 nulla
825 2376 1044 2450 manifestam
1061 2376 1106 2450 de
1124 2378 1239 2472 quello
1257 2399 1334 2452 sera
1356 2385 1532 2452 tractatoa
1549 2400 1629 2475 per·

215 2501 305 2575 nicie
322 2501 367 2576 de
383 2523 529 2594 verone,
547 2522 649 2575 senza
664 2501 892 2597 parabolare
914 2501 992 2574 tutti
1012 2501 1038 2573 li
1054 2503 1177 2575 rectori
1196 2523 1219 2575 o
1240 2501 1274 2576 la
1294 2505 1447 2596 magiore
1474 2513 1590 2600 parte,
1609 2523 1630 2578 e

215 2625 331 2699 niente
345 2626 491 2722 pigliaro
510 2649 572 2724 per
589 2627 637 2700 mi
655 2648 701 2700 ne
718 2647 782 2723 per
801 2626 986 2700 summissa
1001 2647 1149 2722 persona
1165 2636 1254 2700 sotto
1269 2637 1392 2722 questo
1408 2627 1576 2722 regimine
1593 2629 1630 2701 in

216 2749 422 2826 detrimento
436 2750 482 2826 de
496 2753 529 2826 la
547 2751 702 2848 predicta
724 2750 903 2845 societate3
930 2773 950 2824 e
975 2773 1014 2825 se
1036 2771 1116 2824 cosa
1138 2751 1288 2825 alchuna'
1312 2753 1362 2824 mi
1392 2773 1468 2825 sera
1495 2752 1627 2846 offerta,

215 2885 345 2972 quanto
360 2878 423 2973 piu
444 2885 561 2974 proeto
579 2887 700 2976 potero
717 2897 794 2950 sera
811 2877 1028 2950 manifestata
1052 2897 1074 2949 a
1092 2875 1171 2948 tutti
1185 2875 1209 2948 li
1223 2875 1347 2950 rectori
1362 2876 1408 2950 (1ο
1426 2877 1542 2972 quelle
1562 2878 1630 2951 tale

216 3002 505 3077 confederatione.
516 3003 563 3076 Le
575 3004 727 3099 querclle
740 3023 863 3077 serane
882 3004 969 3076 lacte
986 3025 1008 3076 a
1024 3023 1080 3076 me
1096 3024 1118 3076 ο
1133 3001 1203 3075 mei
1217 3003 1351 3097 collegi,
1366 3001 1412 3075 ad
1430 3002 1571 3075 arbitrio
1584 3003 1630 3077 de

216 3129 263 3224 gli
282 3129 358 3202 altri
375 3129 499 3202 rectori
514 3127 604 3203 inira
617 3137 786 3224 quaranta
804 3129 917 3224 giorni
932 3127 1083 3201 diffinire
1099 3125 1273 3201 mediante
1290 3128 1324 3200 la
1341 3127 1483 3222 ragione
1499 3148 1520 3200 ο
1537 3126 1629 3201 bona

216 3253 485 3346 consuetudine,
501 3273 570 3326 non
586 3253 837 3326 interveniente
853 3255 949 3346 justo
965 3251 1212 3349 impedimento
1228 3273 1251 3324 o
1269 3251 1453 3345 dilatione;
1470 3261 1631 3327 eevante

216 3377 282 3450 che
299 3399 414 3473 renga
432 3377 539 3452 lexilo
558 3377 606 3452 dil
624 3379 695 3451 mic
709 3377 836 3467 officio,
854 3377 943 3450 infra
958 3375 1122 3471 quindeci
1137 3375 1248 3470 giomi
1267 3375 1352 3450 dero
1368 3397 1472 3472 opera
1491 3377 1521 3450 si
1542 3377 1632 3451 iacis

217 3523 266 3572 un
284 3501 369 3574 altro
392 3509 523 3576 rectore
546 3503 650 3598 quale
674 3499 898 3576 drictamente
923 3501 1031 3596 guida
1056 3501 1104 3574 tal
1125 3501 1325 3574 societates
1347 3499 1412 3573 che
1436 3501 1553 3597 quegli
1572 3503 1631 3595 ju·

216 3645 301 3698 rano
314 3625 344 3698 si
361 3647 459 3701 come
474 3627 509 3701 io
524 3626 572 3700 ho
583 3629 712 3722 jurato,
728 3647 749 3700 ο
763 3627 837 3699 οοΙο
853 3625 1031 3701 attendere
1048 3649 1069 3700 a
1083 3625 1325 3701 conservareil
1340 3603 1431 3699 liene
1445 3625 1535 3701 dela
1551 3628 1632 3700 uni-

216 3749 344 3824 versita
365 3771 387 3824 e
407 3771 477 3824 non
503 3749 549 3824 de
572 3752 607 3824 la
630 3751 854 3846 specielitate.
875 3751 959 3822 ltcm
984 3772 1006 3823 a
1028 3759 1116 3824 tutta
1138 3751 1209 3825 mia
1232 3753 1324 3824 lona
1349 3749 1435 3825 darc
1457 3771 1561 3848 opera
1587 3751 1632 3828 de

218 3892 422 3947 conservare
439 3874 473 3948 la
497 3873 653 3947 libertate
674 3873 719 3948 de
740 3874 903 3947 ciascuna
933 3872 1142 3946 comunitate
1168 3874 1214 3948 de
1238 3883 1359 3969 questa
1376 3875 1446 3970 liga
1469 3895 1490 3949 e
1512 3875 1632 3949 delen-

218 3994 301 4069 dere
319 3997 344 4068 li
366 3997 449 4070 beni
476 3998 521 4073 dc
541 3997 676 4094 quelle,
698 3998 979 4094 precipuamente
1005 4006 1124 4072 contra
1153 3999 1403 4073 l'nniversitatc
1429 4021 1452 4074 o
1479 4001 1632 4096 singular

217 4140 365 4214 persone
376 4123 578 4197 contrariea
595 4125 642 4198 tal
658 4123 840 4215 societate;
862 4144 908 4197 ne
922 4122 1033 4196 anche
1046 4125 1133 4196 altro
1147 4145 1209 4220 per
1221 4144 1278 4197 me
1293 4123 1344 4198 sia
1358 4123 1538 4217 injuriato,
1561 4145 1630 4198 ex-

218 4255 319 4341 cepto
333 4266 372 4321 ee
389 4247 538 4324 alchuna
555 4270 636 4323 cosa
654 4248 700 4322 de
717 4269 900 4322 commune
917 4247 1100 4322 concordia
1114 4269 1177 4344 per
1191 4249 1269 4321 tutti
1285 4247 1315 4320 li
1334 4247 1490 4322 rectorio
1506 4249 1540 4323 la
1557 4271 1630 4322 me-

219 4369 315 4463 giore
334 4381 433 4467 parte
450 4373 546 4448 fusse
563 4381 712 4466 mnata,
730 4371 788 4446 dal
806 4373 876 4446 mio
892 4382 1106 4447 sacramento
1123 4374 1311 4447 solamente
1335 4373 1371 4446 in
1390 4374 1458 4448 tale
1481 4395 1561 4448 cosa
1578 4374 1630 4448 sie

219 4493 376 4567 absoluto
391 4513 412 4567 e
427 4495 473 4570 de
489 4496 523 4569 lo
537 4496 682 4591 agiunto
695 4517 716 4570 ο
730 4503 863 4570 mutato
879 4495 930 4568 sia
944 4503 1063 4568 tenuto
1076 4495 1261 4569 observare
1274 4495 1298 4567 li
1310 4496 1377 4568 acti
1391 4495 1591 4592 sopradicti.
1608 4521 1627 4568 n

267 4619 360 4690 Tutti
385 4621 509 4694 iurono
534 4621 688 4717 stipulati
714 4641 779 4717 per
806 4621 1032 4694 instrumento
1057 4621 1114 4694 nel
1140 4620 1277 4716 palazzo
1302 4619 1351 4694 dil
1376 4642 1559 4696 commune
1586 4620 1632 4695 de
1683 4641 1800 4740 diffl'

219 4743 469 4832 Bnessa,lanno
479 4754 726 4842 prememorato
740 4745 834 4820 mille
848 4745 998 4820 docento
1012 4745 1110 4820 uinta
1123 4745 1186 4840 sei,
1196 4745 1233 4818 in
1248 4766 1319 4820 uno
1333 4744 1454 4841 giorno
1467 4747 1513 4822 de
1523 4756 1633 4822 marte
1690 4729 1801 4807 enan?
