4326 5910
500 609 562 673 856
1018 609 1189 673 iiiiNilitii
1213 611 1388 674 sucuuot
1724 613 1805 698 [lin.
1824 616 1913 679 ma

581 772 671 854 (nott.
687 790 735 852 sp.
754 771 960 849 Dumnors,
975 776 1127 836 ilcacoacc
1140 773 1181 836 dc
1192 777 1282 837 000044
1294 772 1329 836 da
1341 775 1526 858 4400000000,
1542 793 1668 854 preuves
1679 786 1714 838 n·
1727 777 1765 852 G,
1788 796 1825 840 ex
1849 779 1915 840 dis·

618 886 716 942 000404
733 879 823 942 4004.
845 881 1004 955 44Ιο00440,
1024 899 1092 942 ann.
1120 891 1298 946 stoc-1761.
1314 883 1390 946 (ioli.
1411 901 1481 945 cum
1500 883 1600 946 004400
1621 883 1701 946 44040
1725 882 1914 950 6400404040

616 985 652 1048 dc
665 985 927 1067 Fraude-Gemit,
947 990 1058 1052 collect
1076 991 1163 1068 Droz,
1183 991 1259 1054 14444.
1282 1007 1344 1072 reg.
1367 992 1478 1071 Puris,
1497 997 1571 1052 4000.
1596 993 1661 1068 444,
1682 991 1705 1054 l.
1726 1001 1783 1055 044
1807 1011 1913 1072 verm,

617 1103 675 1156 540
691 1099 795 1172 recto.)

546 1311 713 1385 Henricus
733 1312 792 1385 Dei
810 1311 920 1406 gratia
940 1313 1170 1388 Romanorum
1189 1337 1270 1404 rex,
1288 1337 1425 1412 semper
1441 1325 1630 1412 angustus,
1648 1316 1821 1389 uniuersis
1838 1315 1909 1388 ba·

497 1436 658 1528 renibus,
679 1437 960 1510 ministerialibus
977 1461 1018 1512 ac
1045 1440 1150 1512 totius
1172 1441 1308 1536 imperii
1325 1439 1486 1514 fidelibus
1504 1451 1680 1538 presentes
1702 1441 1831 1514 litteras
1851 1441 1907 1512 in·

496 1563 665 1658 specturis
683 1563 826 1656 gratiam
840 1585 939 1636 suam
957 1573 992 1636 et
1008 1586 1110 1638 omne
1126 1566 1271 1638 bonum.
1289 1567 1551 1640 Universitatem
1564 1577 1713 1640 vestram
1731 1567 1909 1640 credimus

496 1708 566 1760 non
590 1687 697 1760 latere
717 1689 863 1782 qualiter
880 1689 1050 1762 bisuntini
1078 1691 1172 1764 cives
1196 1692 1428 1766 venerabilem
1454 1691 1645 1788 principem
1673 1703 1827 1764 nostrum
1846 1716 1909 1765 ar-

497 1811 753 1910 chiepiscopum
777 1811 995 1886 Bisuntinum
1013 1812 1066 1912 (i)
1090 1836 1159 1888 non
1176 1815 1252 1889 sine
1273 1815 1393 1889 divine
1416 1817 1602 1909 majestatis
1620 1826 1656 1890 et
1679 1827 1793 1890 nostre
1815 1837 1908 1888 mn-

495 1946 626 2033 tsmptu
643 1960 664 2012 a
682 1937 820 2011 civitate
835 1937 1014 2011 Bisuntina
1038 1938 1225 2032 eJeoerunt,
1246 1939 1509 2012 communitates
1527 1941 1612 2033 sihi,
1631 1940 1905 2034 constitutiones,

496 2039 789 2136 confederationes
807 2063 941 2136 stallae
966 2062 1135 2136 novitates
1158 2071 1357 2137 statuentes.
1377 2064 1538 2138 Nolentes
1563 2065 1679 2160 itaque
1703 2065 1905 2158 ejectionem

498 2187 604 2261 nostri
626 2186 790 2284 principis
806 2187 1012 2284 impunitam
1028 2187 1084 2262 vel
1100 2189 1168 2262 0440
1183 2189 1342 2286 superius
1354 2189 1600 2286 comprehensa
1616 2189 1752 2264 stabilia
1766 2213 1904 2288 perma-

496 2333 598 2404 nere,
620 2310 797 2407 presertim
814 2333 894 2384 cnm
915 2311 1088 2409 principes
1105 2314 1141 2385 in
1162 2323 1278 2390 nostra
1301 2313 1398 2388 curia
1416 2315 1511 2411 apud
1538 2317 1688 2389 Bernum
1712 2314 1907 2414 superbiis

497 2457 714 2512 communem
738 2436 942 2510 sententiam
958 2439 1172 2534 protuiemnt
1187 2449 1306 2512 contra
1323 2439 1415 2536 ipsos
1432 2439 1498 2536 (2),
1517 2439 1734 2514 dilectionem
1756 2451 1906 2515 vestram

495 2561 651 2657 rogando
673 2562 858 2636 affectuose
880 2571 913 2637 04
931 2564 1154 2662 precipiendo
1171 2567 1271 2640 vobis
1295 2565 1501 2641 mandamus
1522 2575 1694 2662 quatenns
1711 2567 1785 2660 J‘atn
1803 2567 1906 2641 dictis

495 2687 633 2762 civibus
646 2710 734 2783 quos
746 2699 963 2762 contumaces
977 2689 1112 2784 imperii
1128 2690 1326 2764 invenimus
1339 2700 1374 2765 et
1389 2691 1546 2776 rebelles,
1559 2691 1713 2765 favorem
1725 2691 1783 2765 vel
1800 2689 1907 2764 auxi·

495 2811 582 2885 lium
600 2834 669 2886 non
691 2811 919 2910 impendatis,
939 2812 1002 2888 sed
1022 2813 1154 2888 eisdem
1171 2815 1223 2888 sic
1245 2816 1473 2890 substrahatis
1496 2815 1654 2890 subsidia
1679 2825 1767 2890 terre
1789 2825 1906 2889 vestre

494 2937 591 3033 quod
614 2959 677 3010 nec
703 2937 795 3034 ipsos
811 2937 858 3011 ad
881 2959 958 3012 eam
976 2940 1140 3014 accedam
1157 2962 1222 3014 nec
1242 2939 1287 3018 de
1303 2963 1346 3016 00
1364 2941 1411 3016 04
1426 2963 1486 3016 000
1506 2949 1641 3038 portare
1665 2941 1831 3016 victualia
1847 2939 1906 3015 vel

494 3064 650 3137 subsidia
667 3065 782 3160 aliqua
798 3064 996 3138 sustineatis
1013 3065 1079 3162 (3).

540 3191 665 3264 Datum
682 3190 777 3286 apud
794 3189 944 3280 ilerden,
963 3191 1051 3264 44444ιι
1068 3189 1232 3266 kalendas
1250 3192 1412 3286 octobris,
1434 3191 1622 3266 indictione
1633 3191 1753 3266 Xillb.

528 3499 564 3575 (t)
582 3499 689 3558 Scilicet
700 3498 859 3572 derandum,
874 3499 920 3574 qui
933 3499 961 3558 in
971 3499 1051 3559 exilio
1062 3501 1136 3560 circa
1148 3499 1200 3560 hoc
1210 3507 1318 3580 tempus
1330 3503 1415 3566 044000
1427 3503 1528 3564 amisit.

528 3603 566 3676 42)
584 3598 644 3658 Vid.
657 3615 732 3674 supr.
744 3599 778 3656 04
792 3613 856 3656 ann.
870 3600 954 3671 4224,
967 3601 1002 3657 28
1013 3599 1147 3671 decemb,
1157 3616 1186 3676 p.
1203 3605 1267 3660 848.

528 3697 564 3774 (a)
583 3697 681 3754 Extant
699 3697 732 3754 ds
747 3713 776 3754 ro
795 3698 904 3768 eadem,
919 3697 947 3753 in
960 3697 1063 3755 collect.
1077 3699 1161 3770 broz,
1175 3705 1240 3759 tom.
1256 3701 1281 3772 4,
1302 3699 1349 3759 404.
1365 3705 1417 3761 382
1428 3718 1517 3774 verso,
1530 3701 1636 3760 litterae
1648 3705 1774 3776 patentes
1787 3699 1897 3758 loannis

489 3794 682 3869 archiepiscopi
696 3795 826 3852 bisuntini
838 3811 901 3852 ann.
912 3797 981 3852 4224
992 3801 1115 3868 exeunte,
1133 3797 1180 3854 ubi
1193 3797 1309 3872 legitur:
1325 3819 1339 3854 r
1354 3799 1440 3874 Super
1453 3799 1497 3858 illo
1510 3805 1600 3856 autem
1615 3799 1735 3870 articulo,
1750 3797 1852 3856 scilicet
1865 3797 1901 3854 40

491 3893 685 3968 »colligatione
705 3907 722 3950 0
741 3892 818 3951 uobis
832 3909 882 3966 psr
896 3894 1077 3966 juramentum
1092 3894 1210 3968 firmata,
1223 3897 1298 3954 scitis
1309 3897 1433 3970 quoniam
1445 3897 1569 3956 dominus
1582 3903 1671 3955 noster
1681 3895 1838 3954 Alemannis
1850 3911 1902 3952 rsx

493 4008 506 4044 0
521 3990 630 4048 illustris
639 4004 689 4063 per
699 3987 827 4061 judicium
839 3989 912 4046 curis
925 4005 973 4047 sus
986 3997 1015 4048 et
1027 3992 1179 4066 principum
1193 3993 1349 4050 4400000040
1360 3993 1504 4052 declaravit
1511 3994 1556 4067 jus
1570 4009 1650 4051 suum
1664 3998 1692 4052 et
1704 3998 1827 4051 nostrum
1840 4005 1901 4049 0000

491 4087 593 4162 »quod
614 4087 643 4143 in
659 4087 711 4144 hac
729 4086 835 4144 04044040
854 4093 945 4144 nostra
963 4087 1099 4146 bisuntina
1118 4091 1177 4148 sine
1196 4107 1329 4151 consensu
1342 4109 1391 4152 suo
1404 4099 1432 4151 st
1445 4093 1640 4168 archiepiscopi
1654 4107 1707 4150 non
1722 4095 1831 4166 potsrst
1843 4088 1901 4148 fleri

491 4204 505 4240 0
520 4185 697 4244 communitas
709 4199 761 4243 000
773 4184 860 4258 aliqua
872 4184 997 4260 obligatio
1015 4187 1067 4245 440
1080 4187 1123 4246 004
1133 4188 1282 4261 juramento
1295 4189 1411 4262 44000οι4,
1425 4195 1453 4248 04
1472 4190 1535 4249 4400
1554 4189 1684 4264 quidquid
1701 4187 1803 4247 4004000
1819 4187 1902 4244 inerit

490 4303 504 4340 0
519 4291 613 4344 contra
630 4284 682 4343 hcc
696 4299 744 4358 per
754 4281 883 4356 judicium
900 4285 1034 4343 revocavit
1049 4291 1078 4342 04
1095 4285 1147 4343 hoc
1164 4285 1289 4345 dominns
1309 4287 1455 4362 imperator
1474 4286 1651 4346 confirmarit.
1665 4287 1744 4344 04040
1756 4291 1847 4344 sutem
1860 4286 1898 4342 ci·

489 4381 569 4440 vibus
588 4377 824 4439 excommunicatis
844 4379 954 4438 tandem
972 4381 1165 4440 absolutionem
1185 4383 1317 4443 concessit
1336 4384 1388 4443 bac
1408 4385 1581 4444 conditione:
1596 4383 1702 4443 aUtob
1715 4383 1899 4442 remissionem

492 4479 624 4556 »peccati
635 4477 719 4538 000404
732 4479 804 4552 apud
816 4479 902 4538 Deum
919 4481 1033 4540 veniatis
1047 4497 1132 4556 usque
1146 4482 1301 4540 aduentum
1316 4483 1351 4542 40
1368 4485 1514 4559 majoribus
1531 4483 1629 4544 0004040
1649 4483 1730 4541 00440
1741 4481 1857 4556 pedibus
1870 4482 1899 4538 in

492 4575 618 4634 »tunicis
631 4575 666 4632 04
684 4575 822 4634 ecclesiam
840 4575 869 4634 S.
884 4577 1027 4650 lobannis,
1041 4585 1069 4636 et
1086 4579 1123 4636 ibi
1141 4579 1266 4654 expoliati
1284 4581 1311 4638 in
1329 4581 1448 4640 camisiis
1461 4587 1489 4639 04
1508 4581 1542 4639 04
1556 4580 1639 4656 pedes
1652 4585 1758 4638 nostros
1778 4577 1897 4635 inclinati

492 4695 506 4728 0
523 4689 586 4731 cum
604 4673 687 4747 virgb
705 4691 721 4731 0
738 4674 816 4732 uobis
832 4675 968 4750 recipiatis
987 4677 1165 4754 disciplinam.
1181 4697 1195 4732 0
1210 4681 1367 4738 4000040400
1385 4679 1422 4738 da
1435 4680 1514 4754 cbcp.
1533 4677 1749 4754 mltmpolitcin,
1765 4691 1810 4751 sp.
1823 4675 1895 4733 4400·

488 4787 624 4844 amors,
639 4769 724 4843 44404,
736 4789 765 4846 p.
780 4775 824 4829 43.
