4466 5914
305 601 405 662 lrnrcu
423 599 485 684 le]
755 591 954 656 HISTORIA
978 585 1273 652 utrnottautce
1661 581 1720 646 621

305 734 521 825 blCCllell,
537 753 657 805 mense
673 729 780 822 junii,
798 731 876 803 xlv
897 727 1105 810 indictione,
1128 725 1318 820 imperante
1339 721 1481 795 domino
1503 727 1619 792 nostru
1640 721 1720 792 Fre-

306 857 422 932 dericu
436 859 465 929 ll
478 857 542 930 Ilei
557 855 668 950 gratie
685 853 912 928 invictissimo
931 855 1164 926 Romanorum
1176 848 1393 960 imperatore,
1408 865 1543 940 semper
1556 853 1717 937 augusto,

307 985 518 1058 Hierusalem
544 991 580 1056 et
598 979 714 1052 Sicilie
737 999 836 1074 rege,
859 999 951 1052 anno
973 975 1118 1050 Romani
1140 973 1277 1070 imperii
1298 974 1374 1064 eius
1394 971 1456 1060 Vl,
1481 969 1578 1064 regni
1600 969 1721 1040 Hieru-

308 1110 414 1182 selem
434 1097 591 1202 l‚'regui
611 1106 727 1178 Sicilie
742 1105 876 1196 ΧΧΙΧ,
897 1099 1191 1176 leticitsr.1lmsn.

360 1673 593 1782 Fridericus‚
617 1675 878 1760 Romanorum
909 1673 1128 1784 imperator,
1150 1681 1262 1780 pecte
1284 1681 1322 1754 et
1339 1671 1605 1754 conventiones
1623 1669 1721 1752 inter
1751 1669 1919 1767 ‘ffllzz‘ffl

308 1834 511 1892 commune
529 1809 696 1892 Mutinae
718 1818 755 1892 et
781 1833 984 1892 commune
1006 1805 1197 1888 Ferrariee
1219 1803 1339 1911 facte,
1359 1803 1410 1888 ob
1428 1805 1563 1888 devote
1585 1813 1622 1888 et
1645 1829 1717 1886 ec·
1781 1778 1889 1888 'iffi'

309 1952 418 2050 cepte
444 1942 716 2026 Mutinensium
744 1941 916 2048 servitia,
945 1938 1145 2024 confirmet
1171 1947 1208 2022 et
1233 1937 1499 2022 inviolabiliter
1526 1935 1718 2022 observari

234 2111 238 2122 ·
303 2073 426 2186 jubet.

390 2289 495 2370 (lldtd.
510 2291 689 2366 Musarum,
706 2290 856 2375 Aetiprit.
875 2287 943 2352 tut
960 2283 1036 2351 med.
1054 2289 1133 2365 ceri,
1153 2295 1177 2352 t.
1193 2287 1247 2362 lv,
1260 2306 1292 2368 p.
1309 2298 1379 2364 tte,
1393 2306 1432 2350 ex
1443 2295 1627 2368 mansumptu
1647 2289 1717 2350 annl

431 2407 520 2474 tete,
530 2401 562 2460 ln
575 2405 689 2478 regesto
701 2400 867 2460 communls
880 2395 1038 2475 Mutinae.)

357 2583 550 2658 Fridericus
567 2585 630 2660 Dei
649 2585 758 2681 gratia
773 2587 1003 2658 Romanorum
1024 2585 1221 2680 imperator,
1242 2606 1378 2680 semper
1390 2593 1579 2678 augustus,
1596 2585 1720 2658 Hieru-

309 2709 413 2782 salem
430 2721 465 2782 et
480 2710 594 2784 Sicilie
612 2732 684 2782 rex.
703 2711 768 2783 Per
786 2732 926 2806 presens
942 2710 1106 2804 scriptum
1128 2720 1248 2782 notum
1270 2709 1416 2782 iacimus
1436 2709 1608 2782 universis
1629 2709 1721 2784 lide·

309 2831 400 2906 libus
414 2833 539 2907 nostris
554 2843 624 2907 mm
641 2835 856 2930 presentibus
872 2857 978 2930 quam
996 2833 1122 2908 iuturis
1138 2833 1233 2929 quod
1257 2855 1320 2907 nos
1342 2835 1556 2908 attendentes
1574 2835 1720 2931 integri-

310 2967 410 3030 tatem
424 2957 508 3032 fidei
524 2967 559 3032 et
572 2959 766 3033 devotionis
780 2961 914 3034 sincere
927 2983 1061 3034 necnon
1075 2969 1110 3033 et
1125 2961 1265 3056 accepte
1276 2959 1415 3032 servitia
1427 2981 1496 3054 que
1510 2961 1721 3035 liuticenses

309 3083 403 3156 cives
427 3082 547 3156 fideles
563 3085 670 3157 nostri
687 3085 788 3158 nobis
804 3107 940 3180 semper
956 3095 991 3159 et
1007 3085 1151 3181 imperio
1167 3084 1401 3158 exbibuerunt
1416 3093 1452 3156 et
1467 3085 1595 3179 jugiter
1609 3085 1719 3156 exhi-

308 3207 388 3281 bere
412 3230 483 3281 non
503 3217 654 3300 musam,
676 3207 722 3282 de
746 3207 980 3282 munificentie
1003 3219 1119 3283 nostre
1140 3209 1249 3302 gretie
1272 3209 1413 3304 speciali
1434 3229 1539 3304 quam
1563 3231 1642 3282 cum
1667 3213 1718 3284 eis

309 3339 471 3426 tanquam
497 3353 578 3406 cum
601 3332 823 3406 benemeritis
851 3333 1002 3426 benigne
1028 3334 1191 3406 volumus
1211 3353 1390 3424 exercere,
1407 3331 1649 3408 confirmamus
1666 3335 1717 3408 eis

308 3477 427 3552 paoem
446 3467 482 3530 et
497 3457 734 3550 concordium,
754 3467 855 3556 pecta
870 3467 905 3531 et
919 3457 1164 3532 conventiones
1182 3458 1287 3530 iactes
1303 3457 1391 3530 inter
1408 3478 1591 3532 commune
1609 3459 1719 3556 ipsius

309 3577 456 3654 civitatis
478 3581 611 3655 Mutine
633 3592 668 3656 et
690 3581 1042 3656 cummunelerrarie
1062 3590 1198 3654 etcum
1222 3580 1421 3654 hominibus
1439 3581 1640 3656 earumdem
1664 3586 1738 3668 ci·¹

307 3703 453 3777 vitutum
470 3705 710 3779 universaliter
726 3716 762 3779 et
781 3705 1044 3802 particulariter,
1060 3705 1152 3778 sicut
1166 3705 1203 3776 in
1220 3703 1456 3778 instrumentis
1470 3707 1620 3802 publicis
1637 3708 1720 3782 binc

308 3827 390 3902 iude
407 3829 570 3902 coniectis
586 3831 738 3926 apertius
758 3830 911 3903 noscitur
923 3829 1103 3904 contineri.
1129 3829 1361 3925 Precipientes
1379 3851 1420 3904 ea
1439 3832 1575 3914 omnia,
1593 3855 1719 3906 secun·

308 3951 392 4024 dum
407 3953 504 4048 quod
522 3955 558 4026 in
573 3953 739 4051 predictis
749 3955 985 4030 instrumentis
1001 3955 1149 4050 publicis
1166 3955 1370 4045 continetur,
1391 3955 1635 4030 inviolabiliter
1651 3959 1718 4031 ob·

307 4079 449 4150 serem
470 4079 677 4154 Mendeutee
691 4089 726 4154 et
747 4082 916 4176 presentis
934 4081 1051 4176 scripti
1070 4081 1272 4154 auctoritate
1288 4079 1429 4152 firmiter
1443 4080 1662 4176 injungentes
1680 4093 1719 4156 ut

306 4203 400 4276 nulle
415 4225 556 4300 prorsus
573 4225 719 4300 persona
735 4227 863 4299 magna
880 4205 938 4278 vel
954 4225 1081 4302 parva,
1102 4205 1267 4278 secularis
1290 4207 1346 4278 vel
1370 4206 1613 4300 ecclesiastica,
1632 4231 1720 4282 con·-

307 4335 357 4400 tru
376 4325 531 4422 predicte
544 4329 661 4402 omnia
678 4329 796 4423 aliquo
810 4337 964 4426 tempore
979 4331 1159 4404 temerario
1172 4352 1261 4402 ausu
1279 4331 1399 4402 venire
1414 4342 1600 4425 presumat.
1617 4335 1721 4420 Quod

305 4452 366 4546 qui
388 4455 635 4549 presumpserit
656 4453 693 4526 in
712 4475 775 4526 sue
793 4454 993 4528 temeritatis
1014 4455 1204 4529 vindictum
1226 4455 1500 4550 indignationem
1517 4468 1722 4534 nostramet

305 4597 430 4672 penum
449 4588 588 4652 centum
606 4579 772 4652 librarum
788 4579 865 4651 auri
883 4581 961 4674 puri
984 4601 1023 4654 se
1047 4581 1183 4655 novarit
1207 4581 1444 4664 incursurum,
1472 4605 1621 4678 quarum
1643 4607 1722 4658 me-

305 4701 416 4777 dietas
434 4725 571 4778 cemere
588 4713 704 4778 nostre
723 4713 758 4778 et
780 4704 888 4778 ultera
909 4703 1079 4780 medietas
1103 4706 1214 4802 passis
1238 4705 1400 4798 injuriam
1424 4708 1650 4803 persolvatur.
1665 4709 1722 4785 Ad
