4466 5914
290 600 390 660 inter.
409 592 470 680 14]
737 586 935 649 HISTORIA
962 585 1257 648 ulebottaurca.
1644 587 1706 651 ota

290 733 382 808 idem
406 733 505 804 rivus
526 725 640 822 usque
665 724 712 798 ad
732 724 889 798 semitam
911 745 981 818 que
1000 733 1053 798 est
1070 733 1105 796 et
1127 747 1197 818 que
1221 723 1377 798 ascendit
1397 745 1535 796 sursum
1552 724 1703 822 desuper

291 857 433 932 domum
449 853 495 928 de
510 849 687 926 Palaocbis
706 847 752 922 de
767 846 954 920 Granerolo
978 869 1088 942 usqne
1104 849 1151 922 ad
1169 849 1263 922 viam
1276 869 1346 944 que
1362 847 1444 921 inde
1461 849 1576 937 vadit,
1591 859 1625 922 et
1641 873 1703 946 per

291 981 401 1078 ipsam
418 979 512 1052 viam
529 972 854 1070 comprehendendo
871 973 958 1046 iutra
976 971 1087 1046 dictos
1104 973 1257 1046 confines
1274 975 1464 1048 Mandriam
1482 984 1517 1046 et
1539 978 1703 1048 Sanctmn
1770 985 1772 988 ’

290 1104 463 1178 Andrenm
477 1102 514 1174 in
525 1100 721 1174 Comitium
735 1097 979 1171 descendendo
990 1097 1037 1172 ad
1050 1099 1215 1171 fossatum
1226 1098 1272 1172 de
1284 1100 1408 1172 subtus
1419 1097 1605 1174 Granarolo
1617 1101 1706 1174 inter

291 1229 548 1302 bondianenses
562 1233 596 1298 et
612 1223 816 1298 Barufnidos
832 1223 960 1296 tactum
980 1223 1144 1320 desupra
1161 1223 1206 1296 da
1219 1223 1379 1320 Splagiie.
1393 1225 1436 1296 Et
1453 1225 1570 1298 eundo
1583 1247 1706 1300 versus

294 1373 395 1426 mane
422 1349 596 1446 usquead
618 1349 785 1422 viamlam
812 1345 858 1420 de
880 1345 986 1442 podio
1009 1349 1106 1420 beilii
1126 1360 1161 1422 et
1185 1349 1267 1422 indo
1291 1348 1408 1422 eundo
1436 1359 1527 1423 recto
1551 1349 1620 1424 fine
1645 1373 1706 1447 per

294 1476 386 1550 viam
403 1485 439 1548 et
453 1495 594 1572 campos
619 1493 729 1566 usque
752 1469 799 1544 ed
820 1470 934 1543 locum
952 1469 1013 1542 ubi
1030 1471 1095 1542 suit
1110 1473 1346 1546 molendinum
1369 1473 1414 1546 de
1428 1475 1547 1568 bellio,
1570 1475 1708 1550 atinde

295 1623 315 1674 a
339 1622 442 1674 mane
459 1599 614 1672 Glaream
635 1594 847 1670 transeundo
863 1615 976 1688 usque
990 1594 1036 1668 ad
1050 1595 1219 1670 Codouias
1231 1607 1266 1670 et
1284 1599 1331 1672 ad
1346 1598 1512 1694 Campum
1530 1601 1708 1674 Saxonum

295 1737 330 1799 et
343 1725 426 1799 inde
441 1724 613 1821 passando
638 1721 732 1795 viam
752 1729 788 1794 et
808 1721 1025 1794 [amancium
1048 1731 1082 1794 et
1100 1743 1260 1817 campum
1278 1723 1443 1796 lobannis
1466 1723 1572 1820 Lupi,
1591 1733 1627 1798 et
1647 1747 1709 1821 per

296 1850 450 1924 medinm
473 1869 585 1944 usque
602 1845 649 1922 ad
669 1847 763 1920 viam
787 1844 991 1919 desursum
1007 1845 1203 1940 colligendo
1227 1869 1388 1944 campum
1414 1846 1462 1921 ad
1483 1849 1708 1924 Fossadatum

296 1975 416 2050 eundo
431 1995 545 2070 nsque
560 1973 606 2048 ad
624 1971 781 2046 braidam
799 1971 1001 2059 Mammam,
1022 1971 1098 2066 ipsa
1116 1971 1239 2044 braida
1260 1981 1459 2045 remanente
1476 1995 1496 2046 a
1515 1983 1612 2068 parte
1628 1975 1707 2047 Mn·

297 2100 384 2182 tine;
402 2099 520 2172 eundo
533 2099 652 2192 jusum
675 2117 737 2194 per
756 2095 904 2168 rivolum
929 2095 974 2168 de
996 2095 1112 2170 Medio
1134 2096 1179 2170 de
1196 2097 1348 2170 Fontana
1368 2095 1708 2194 deAp10usquead

297 2225 446 2298 bucbam
471 2224 559 2298 iiioli
583 2224 628 2296 de
649 2225 774 2296 Sancto
787 2221 937 2310 bobine,
955 2220 1044 2293 sicut
1068 2221 1161 2295 idem
1187 2221 1283 2296 rivus
1308 2222 1415 2294 currit
1440 2221 1528 2296 inter
1549 2223 1708 2299 braidam

297 2349 536 2422 Barubddonis
557 2359 592 2422 et
612 2357 737 2422 terram
763 2346 877 2420 Sancti
895 2345 1021 2420 Ruffilli
1042 2369 1154 2442 usque
1178 2345 1351 2419 adoliam
1375 2347 1468 2420 viam
1494 2346 1539 2420 de
1565 2347 1706 2444 subtus,

299 2473 479 2547 redeundo
502 2496 564 2570 per
581 2474 676 2546 iliam
692 2472 787 2545 viam
808 2492 920 2565 usque
941 2470 988 2544 ad
1012 2470 1171 2543 braidam
1192 2469 1476 2567 archipresbyteri
1503 2471 1548 2544 de
1572 2473 1712 2545 Monte-
1750 2477 1757 2488 '

300 2597 402 2672 bellio
420 2619 490 2692 que
514 2605 668 2670 remanet
684 2619 706 2668 a
723 2597 829 2670 latere
852 2595 986 2670 Mutine
1006 2604 1041 2670 et
1059 2595 1198 2668 Bazaui.
1220 2596 1262 2668 Et
1286 2595 1369 2668 inde
1396 2596 1514 2669 eundo
1537 2619 1649 2692 usquo
1675 2597 1712 2669 in

301 2719 530 2794 Carubeilium
546 2720 592 2794 de
604 2720 795 2815 Pigannoiis
816 2728 852 2794 et
872 2720 990 2794 eundo
1009 2742 1070 2815 per
1085 2721 1179 2792 viam
1204 2741 1316 2814 usque
1333 2719 1379 2792 ad
1401 2719 1612 2794 Aibarelium
1640 2721 1714 2796 Ma·

302 2844 379 2916 riui.
397 2847 441 2918 Et
460 2845 543 2920 inde
562 2867 622 2943 per
644 2845 812 2919 viazolam
835 2867 905 2940 que
929 2845 1105 2940 quondam
1130 2845 1197 2916 fuit
1222 2845 1310 2916 inter
1331 2844 1549 2917 Boudianum
1577 2855 1612 2920 et
1637 2847 1715 2922 iilos

302 2971 346 3044 de
368 2973 493 3044 Sancto
515 2971 727 3044 Columbnno
746 2993 861 3066 usquo
883 2969 929 3043 ad
955 2971 1065 3043 fossas
1088 2980 1123 3043 et
1147 2969 1195 3042 ad
1222 2985 1383 3065 campum
1400 2969 1445 3042 de
1459 2971 1633 3064 Musaeus,
1652 2973 1712 3067 qui

303 3104 453 3168 remanet
476 3117 499 3168 a
522 3097 629 3169 latere
644 3095 777 3170 Mutine
792 3105 827 3168 et
844 3095 1002 3170 Badiani.
1018 3096 1061 3167 m
1087 3093 1168 3167 iude
1192 3093 1239 3166 ad
1258 3094 1516 3188 Sambugailum
1533 3095 1622 3168 inter
1638 3098 1715 3170 iilos

194 3249 197 3256 ¹
302 3218 346 3292 de
373 3219 527 3292 Badiano
551 3230 586 3294 et
612 3220 657 3294 de
683 3223 808 3294 Sancto
837 3221 1068 3310 Columbano;
1096 3229 1131 3291 st
1160 3219 1243 3292 inde
1269 3218 1316 3292 ad
1345 3220 1468 3315 Flopas
1493 3218 1642 3292 Guirixii
1669 3222 1715 3296 de

302 3341 424 3415 Sancto
446 3343 562 3416 Marco
576 3345 612 3416 in
627 3345 702 3440 ripa
717 3347 892 3417 Semazole
909 3355 942 3418 et
961 3344 1173 3417 transeundo
1188 3345 1397 3428 Samazolam
1416 3365 1528 3438 usqne
1543 3345 1589 3418 ad
1604 3347 1714 3420 Polio·

302 3473 417 3538 netum
436 3477 532 3541 recto
549 3467 635 3562 tine;
651 3469 734 3542 inde
752 3469 869 3542 eundo
878 3473 980 3563 juxta
998 3491 1159 3564 campum
1183 3467 1364 3541 Poltonerii
1386 3468 1431 3542 de
1456 3470 1580 3544 Sancto
1600 3471 1715 3545 Marco

303 3599 337 3661 et
350 3589 431 3665 iuda
448 3592 566 3665 eundo
586 3593 761 3688 usquead
778 3595 945 3667 viazolam
970 3603 1005 3666 et
1026 3593 1256 3666 Carubiellum
1273 3591 1369 3686 quod
1394 3601 1447 3666 eet
1464 3614 1485 3666 a
1504 3615 1606 3668 mane
1620 3596 1715 3669 clau·

303 3736 382 3788 sure
399 3715 586 3792 Andrnzoli
603 3719 763 3810 Ferrarii,
782 3727 818 3792 et
832 3717 915 3791 inde
924 3719 1044 3811 jusum
1061 3740 1122 3814 per
1138 3719 1303 3791 adauctam
1319 3739 1430 3813 usque
1445 3718 1492 3792 ad
1507 3721 1601 3794 viam
1621 3722 1666 3796 de
1683 3723 1717 3798 la

302 3837 593 3917 Pazaueseesero
615 3842 1087 3918 dicteciansoreAndruzoli
1110 3841 1288 3937 usquead
1309 3842 1471 3916 Caxoiam
1495 3854 1529 3918 et
1556 3867 1617 3941 por
1637 3869 1715 3921 eam

303 3963 463 4040 Caxoiam
477 3967 596 4060 jusum
618 3989 730 4064 usque
745 3969 792 4042 ad
805 3969 938 4040 clusam
962 3968 1007 4042 de
1024 3969 1203 4063 Magnanis
1223 3977 1258 4040 et
1277 3967 1360 4042 inde
1377 3969 1497 4062 jusum
1519 3969 1636 4044 eundo
1653 3994 1717 4068 por

303 4087 558 4165 Besseucniium
581 4115 692 4190 usque
716 4094 762 4167 ad
786 4095 997 4185 Rrudiacos3
1025 4093 1165 4167 atinde
1188 4091 1235 4166 ad
1261 4102 1442 4166 centonem
1467 4091 1512 4166 de
1538 4094 1645 4168 Pratis
1669 4096 1714 4170 de

302 4213 406 4286 Paule
426 4225 462 4289 et
484 4217 704 4313 indc=usque
729 4217 776 4292 ad
802 4221 978 4294 Fossatum
1002 4239 1151 4310 novum,
1178 4229 1213 4292 et
1237 4218 1282 4290 ab
1304 4239 1346 4290 eo
1368 4217 1506 4290 Fossato
1529 4229 1623 4293 recto
1645 4219 1715 4296 bue

300 4339 474 4433 usquead
497 4351 634 4416 stratam
658 4343 835 4418 Claudiam
859 4353 895 4417 et
917 4343 952 4415 in
978 4345 1050 4440 ipra
1075 4353 1179 4415 strata
1205 4365 1316 4437 usque
1343 4341 1389 4414 ad
1414 4343 1602 4418 iazanrioii
1623 4348 1713 4421 nitra

300 4463 537 4538 Pontexeilum
564 4468 668 4541 situm
693 4469 730 4541 iu
757 4479 861 4544 strata
883 4473 986 4562 juxta
1010 4469 1150 4542 domum
1176 4467 1291 4565 pontia
1316 4468 1431 4540 Sancti
1457 4469 1638 4544 Ambmxii
1666 4473 1712 4550 de

300 4585 465 4684 Campcre
487 4595 627 4685 majore.
652 4596 694 4668 Et
715 4595 804 4668 ultra
826 4597 940 4691 ipsum
968 4605 1104 4690 pontem
1129 4616 1191 4690 per
1212 4614 1275 4668 sex
1299 4602 1491 4670 tornaturas
1512 4596 1547 4668 in
1572 4599 1648 4672 loco
1672 4601 1707 4672 in

300 4733 371 4806 quo
390 4715 530 4789 inerunt
548 4719 696 4792 Furchcs
712 4742 825 4816 usque
840 4719 887 4794 ad
902 4721 996 4794 viam
1018 4721 1221 4793 [avarorum
1245 4741 1315 4812 que
1338 4728 1391 4792 est
1410 4741 1431 4794 a
1455 4721 1640 4798 Rasteiiino
1663 4726 1709 4799 ab
