4466 5914
290 569 391 629 lrnrcr.
409 563 469 646 lt]
749 554 944 618 HISTORIA
969 554 1259 618 DlPLObllll'lCll.
1647 563 1707 625 663

291 700 448 797 quardus
461 695 512 793 (a)
529 696 606 788 ejus
623 695 738 782 buter,
758 691 926 764 Henricus
944 693 1189 782 marescalcus,
1209 691 1322 766 Guido
1341 694 1386 768 de
1406 697 1530 769 Sancto
1544 696 1701 790 Nazari0,

293 826 402 900 Gilius
429 821 474 896 de
498 822 638 894 Duvara
661 816 710 914 (b)
738 825 772 889 et
799 815 858 886 alii
884 817 1119 910 quamplures.
1136 817 1346 910 —Signum
1379 819 1509 894 domini
1541 822 1705 896 Friderici

291 951 524 1022 Romanorum
541 941 754 1038 imperatoris
772 940 1001 1013 invictissimi.
1016 941 1149 1034 -Ego
1169 940 1351 1016 Udalricus
1371 945 1612 1038 cancellarius,
1629 947 1706 1019 vice

293 1070 435 1148 llcnaldi
449 1067 661 1144 Coloniensis
679 1065 777 1140 electi
798 1074 832 1138 et
853 1063 1156 1156 archicancellarii,
1174 1068 1372 1160 recognovi.
1388 1067 1529 1142 -Acta
1544 1079 1625 1141 sunt
1642 1070 1707 1143 bec

293 1218 385 1270 auno
408 1193 581 1270 dominice
607 1189 851 1266 iuoametionis
873 1189 1054 1262 millesimo
1080 1191 1266 1263 centesimo
1297 1184 1512 1286 sexagesimo
1536 1193 1703 1284 secundo,

294 1319 483 1394 indictione
508 1317 660 1404 decima,
685 1325 851 1409 regnante
882 1313 1022 1388 domino
1049 1312 1220 1387 Friderico
1244 1315 1473 1390 Romanorum
1503 1317 1707 1413 imperatore

295 1443 551 1539 gloriosissimo,
570 1461 662 1514 anno
685 1439 783 1533 regni
805 1439 880 1531 ejus
905 1436 1053 1525 decimo,
1075 1437 1211 1533 imperii
1234 1461 1317 1513 vero
1337 1441 1497 1536 septimo.
1518 1444 1707 1516 -Datum

295 1568 401 1663 Papie
422 1565 518 1663 apud
540 1568 702 1639 Sanctum
728 1563 938 1638 Salvatorem
964 1571 1041 1659 post
1070 1561 1336 1638 destructionem
1357 1567 1564 1657 Mediolani,
1585 1575 1707 1661 quarto

296 1691 377 1766 idus
389 1692 497 1784 J'nnii,
518 1691 674 1764 feliciter.
688 1687 812 1762 Amen.

345 1817 396 1888 De
418 1815 661 1888 abundantiori
686 1835 828 1909 quoque
855 1821 968 1886 nostre
992 1811 1213 1907 benignitatis
1231 1814 1341 1907 gratia
1368 1837 1438 1910 qua
1463 1817 1707 1890 consuevimus

298 1948 431 2011 nostros
452 1937 571 2011 fideles
594 1922 878 2012 et'benemeritos
893 1935 1092 2032 providere,
1114 1935 1159 2008 de
1177 1946 1267 2009 certa
1285 1941 1493 2012 conscientia
1509 1951 1623 2014 nostra
1638 1939 1707 2014 ad-

294 2061 447 2154 iiciendo
466 2063 690 2136 concedimus
711 2071 746 2136 et
765 2062 1021 2156 inperpetuum
1039 2059 1282 2136 confirmamus
1299 2071 1334 2136 et
1351 2062 1396 2138 de
1416 2067 1545 2161 prelata
1562 2087 1705 2140 conces-

299 2187 396 2259 sione
412 2186 668 2277 investivimus,
689 2207 760 2282 qua
776 2195 846 2258 mm
863 2186 1015 2260 marchio
1031 2197 1240 2260 memoratus
1256 2209 1361 2282 quam
1376 2189 1522 2264 heredes
1540 2191 1594 2262 sui
1612 2191 1705 2285 legi-

299 2309 538 2403 timi,masculi
547 2321 581 2385 et
590 2311 719 2384 lemine
732 2310 777 2384 ab
789 2332 832 2384 eo
843 2309 1105 2404 descendentes,
1114 2332 1185 2385 uno
1194 2313 1292 2384 alteri
1301 2312 1520 2404 succedente,
1531 2313 1705 2407 gaudeant

298 2434 469 2528 uuiversi;
481 2445 515 2510 et
527 2437 556 2508 si
568 2433 714 2508 heredes
724 2435 895 2508 masculos
907 2436 1158 2530 contingetnon
1173 2457 1248 2509 esse
1256 2437 1470 2533 superstites,
1481 2435 1552 2510 filia
1564 2461 1628 2510 sua
1637 2459 1706 2532 que

300 2567 351 2631 est
362 2559 652 2656 uxorGratapalie
665 2559 779 2633 lidelis
790 2559 898 2632 nostri
910 2559 946 2630 in
959 2559 1101 2632 laudum
1115 2561 1228 2656 ipsum
1243 2561 1418 2651 succedat,
1430 2583 1495 2634 nec
1507 2583 1576 2635 non
1586 2572 1620 2634 et
1633 2562 1706 2653 ejus

298 2681 444 2755 heredes
470 2683 614 2756 masculi
641 2693 676 2756 et
698 2683 841 2776 lemine,
861 2682 1014 2777 legitime
1031 2705 1077 2756 ex
1096 2705 1137 2756 ea
1161 2693 1195 2756 et
1213 2685 1289 2776 ejus
1314 2685 1388 2758 viro
1413 2685 1606 2780 Gratepalia
1623 2685 1709 2756 des—

299 2805 500 2900 cendentes,
520 2829 590 2880 uno
608 2809 707 2880 alteri
725 2807 952 2900 succedente;
969 2809 1046 2902 lege
1059 2808 1175 2901 aliqua
1188 2809 1244 2882 vel
1258 2809 1442 2882 leudorum
1457 2810 1708 2882 consuetudine

299 2951 364 3004 nec
384 2953 453 3004 non
476 2941 511 3005 et
533 2933 716 3028 privilegio
741 2941 858 3006 contra
874 2932 964 3004 banc
980 2941 1131 3005 nostram
1150 2933 1405 3006 concessionem
1420 2934 1477 3005 vel
1496 2932 1707 3006 additionem

298 3057 477 3152 impetrato
495 3059 711 3152 aliquatenus
731 3059 987 3132 nonobstante.
1005 3057 1060 3131 Ad
1087 3058 1191 3151 hujus
1214 3065 1329 3131 autem
1349 3058 1600 3148 innovationis,
1621 3079 1708 3130 con-

299 3179 500 3256 firmationis
518 3191 551 3256 et
566 3183 721 3255 clausule
738 3181 925 3281 additionis
937 3183 1137 3256 memoriam
1155 3191 1189 3254 et
1202 3181 1309 3264 robur
1322 3189 1488 3278 perpetuo
1501 3181 1704 3272 valiturum,

299 3325 441 3400 presens
465 3307 684 3402 privilegium
712 3305 796 3380 inde
817 3305 891 3378 lieri
916 3315 952 3378 et
973 3305 1068 3378 bulla
1095 3325 1201 3378 aurea
1226 3305 1360 3402 typario
1383 3313 1499 3378 nostre
1524 3304 1710 3397 majestatis

300 3428 466 3524 impressa
489 3431 655 3524 jussimus
682 3430 900 3502 communiri.
925 3431 1128 3504 Mandantes
1159 3436 1193 3501 et
1224 3429 1393 3524 imperiali
1423 3429 1537 3503 edicto
1569 3427 1711 3501 firmiter

301 3556 492 3629 sancientes
506 3567 545 3628 nt
558 3557 654 3629 nulla
676 3577 823 3652 persona
841 3577 950 3652 parva
968 3557 1023 3628 vel
1042 3554 1202 3648 humilis,
1218 3575 1288 3627 non
1305 3575 1438 3648 comes,
1456 3577 1526 3628 non
1543 3554 1708 3646 marchio,

301 3701 367 3754 non
387 3689 537 3776 potestas
549 3683 606 3756 vel
624 3681 852 3754 communitas
870 3690 930 3753 aut
946 3680 1099 3775 quelibet
1116 3679 1181 3752 alia
1195 3701 1344 3774 persona
1361 3688 1476 3752 contra
1495 3689 1610 3754 nostre
1626 3700 1712 3753 con-

300 3801 503 3877 firmationis
521 3815 557 3876 et
573 3805 805 3880 innovationis
827 3827 869 3878 ac
894 3805 1063 3900 presentis
1090 3802 1278 3877 additionis
1304 3811 1457 3876 tenorem
1484 3825 1572 3876 ausu
1598 3813 1713 3877 teme-

299 3927 389 4001 rario
401 3929 520 4002 venire
531 3939 724 4024 presumat,
739 3931 821 4024 quia
839 3939 951 4025 preter
966 3927 1238 4023 indignationem
1251 3935 1416 4018 nostram,
1434 3949 1559 4024 penam
1573 3937 1711 4000 centum

298 4050 463 4124 librarum
488 4053 564 4126 auri
582 4054 662 4148 puri
690 4056 809 4150 procul
836 4053 944 4127 dubio
970 4051 1152 4126 sustinebit
1177 4052 1389 4147 quicumque
1411 4053 1447 4124 in
1471 4051 1634 4148 predictis
1654 4053 1711 4124 vel

299 4175 417 4268 aliquo
447 4176 679 4271 predictorum
705 4178 886 4252 temerarie
914 4176 1166 4273 attemptaverit
1197 4177 1456 4266 contravenire;
1487 4197 1635 4271 quarum
1665 4175 1712 4247 li-

299 4297 439 4371 brarum
463 4301 631 4375 medietas
649 4301 732 4376 fisco
754 4310 882 4394 nostro,
900 4301 1032 4396 reliqua
1054 4319 1139 4372 vero
1156 4301 1288 4394 prelato
1306 4301 1496 4374 marchioni
1518 4311 1553 4374 et
1570 4299 1643 4374 suis
1661 4299 1711 4371 li-

300 4421 392 4495 beris
413 4425 639 4518 persolvatur.

341 4581 383 4662 (a)
404 4582 463 4660 Ap.
475 4583 573 4664 Lirulg
589 4583 797 4662 Eminoardcr,
812 4588 947 4664 pessime.

299 4737 304 4748 .
342 4687 383 4768 (t)
404 4691 518 4754 lbldem
534 4689 569 4753 de
583 4694 716 4771 1)ch
728 4711 777 4774 ap.
793 4698 924 4756 bumont
936 4691 971 4754 dc
984 4694 1127 4764 beurim
1139 4692 1338 4755 verisimillter
1351 4689 1386 4752 de
1398 4693 1507 4754 θωνα.
