4326 5910
192 613 291 674 limum.
312 608 372 686 tit]
643 602 841 664 HISTORIA
866 599 1156 664 ntrtottttrtcrt.

421 891 1369 908 mmmm-{dm

245 1152 448 1258 chricus,
475 1151 735 1234 Romanorum
762 1176 847 1254 rex,
878 1149 927 1231 ad
954 1149 1205 1232 interventum
1232 1147 1448 1258 En'gelherti
1482 1149 1602 1232 Colo·
1630 1170 1808 1280 maffia

192 1285 335 1367 niensis
354 1283 650 1394 archiepiscopi,
670 1283 867 1366 feodaliter
883 1283 1044 1394 porrigit
1068 1283 1289 1366 comitatum
1305 1281 1539 1392 de'Emsgau
1567 1292 1605 1366 et

192 1419 382 1526 quaedam
402 1419 477 1502 alia
494 1417 605 1502 feoda
622 1417 742 1501 nobili
760 1417 937 1500 dominae
955 1417 1137 1526 Sophiae,
1157 1413 1266 1500 uxori
1287 1417 1434 1500 comitis
1454 1416 1604 1503 Ottonis

193 1552 241 1633 de
259 1551 521 1661 Ravenshurg.

274 1765 401 1842 (Edldcr.
417 1765 630 1836 Krunurnonn,
645 1765 785 1824 Memor.
802 1763 951 1845 Bcttrape,
966 1771 989 1826 t.
1005 1765 1065 1838 111,
1075 1781 1105 1841 p.
1118 1765 1374 1838 tea-Nusmr,
1389 1765 1477 1824 Beitr.
1493 1781 1532 1824 aa
1542 1765 1601 1828 eia.

314 1871 456 1932 Mamm.
482 1869 675 1945 ureniana,
690 1889 757 1949 pars
770 1869 813 1945 θ’,
828 1889 859 1948 p.
874 1879 946 1945 ⁴20,
965 1887 1003 1932 sx
1022 1873 1157 1949 cugtnatt
1176 1874 1208 1932 tn
1226 1872 1307 1932 arch.
1328 1872 1443 1932 eadred.
1459 1873 1601 1947 Manus„

314 1978 393 2038 nuda
414 1979 561 2055 pendebat
583 1981 713 2058 sigillum
734 1995 851 2039 ccrsum
874 1977 933 2040 utu
951 1979 1050 2040 scricis
1075 1979 1147 2039 ilavl
1169 1983 1200 2040 ct
1223 1977 1305 2038 ruhrl
1327 1979 1493 2039 coloris.-
1513 1979 1604 2040 Extat

314 2101 447 2162 quoque,
459 2086 515 2146 snb
529 2085 699 2146 abbreviata
715 2102 785 2146 vero
797 2085 909 2158 forma,
928 2087 960 2146 ln
972 2085 1053 2148 arch.
1067 2085 1179 2160 Berol.,
1197 2085 1307 2166 nnat
1328 2082 1451 2145 demut
1469 2081 1603 2164 dualem,

314 2197 338 2254 t.
355 2193 402 2266 11,
418 2191 470 2252 tot.
488 2192 624 2268 tas-24.)

242 2378 281 2448 ln
293 2377 440 2465 ,nomine
462 2387 580 2452 sancte
599 2387 634 2452 et
655 2377 839 2452 individue
857 2376 1041 2450 Trinitatis.
1066 2377 1247 2450 Heinricus
1266 2376 1328 2450 Dei
1347 2377 1457 2470 gratia
1473 2377 1602 2451 liema-

193 2521 318 2574 norum
334 2523 399 2592 rex
412 2511 447 2575 ct
458 2525 593 2598 semper
606 2513 788 2598 augustus,
800 2503 964 2576 omnibus
975 2501 1041 2574 hoc
1053 2503 1218 2598 scriptum
1232 2501 1445 2576 intuentibus
1457 2503 1601 2596 gratiam

194 2648 294 2698 suam
317 2636 351 2700 ct
370 2630 635 2716 omnebonum.
654 2630 861 2724 Tempornm
877 2637 911 2700 et
930 2649 1101 2702 annorum
1122 2628 1317 2700 incessabili
1338 2629 1552 2701 revolutione
1570 2640 1605 2702 et

194 2773 313 2824 eoram
340 2762 514 2826 crescente
536 2775 680 2828 numero
707 2755 795 2827 sacta
824 2754 976 2848 quelibet
1006 2753 1100 2826 labili
1131 2753 1327 2826 mortalium
1355 2754 1603 2848 elongantura

194 2877 376 2970 memoria,
397 2878 463 2949 nisi
481 2879 629 2952 stabilita
652 2879 840 2952 litterarum
857 2877 1027 2952 artificiali
1047 2877 1230 2952 fulciantur
1252 2877 1478 2952 firmamento.
1504 2880 1603 2954 Unde

195 3000 410 3098 principibus
427 3024 562 3075 summe
577 3003 809 3076 necessarium
827 3013 878 3076 eat
893 3013 928 3077 et
945 3002 1137 3074 honestum
1149 3025 1367 3098 quecumque
1385 3023 1498 3076 coram
1518 3004 1601 3098 ipsis

195 3124 417 3220 solempniter
433 3123 520 3198 flunt
540 3135 575 3199 et
598 3127 761 3200 diffiniter
784 3135 1033 3221 pertractantur
1054 3127 1181 3224 scripto
1196 3127 1418 3214 committere,
1435 3136 1474 3198 ut
1489 3129 1601 3201 omnis
1627 3173 1630 3178 ,

195 3246 366 3322 dubitatio
390 3259 603 3346 posterorum
627 3251 702 3322 utili
727 3251 954 3346 extirpatione
976 3251 1111 3324 tacitus
1135 3251 1377 3325 adnichilatur.
1400 3251 1602 3324 Discretioni

195 3373 302 3465 igitur
318 3381 387 3446 tam
414 3376 606 3448 futurorum
625 3397 731 3470 quam
748 3375 959 3472 presentium
982 3397 1065 3449 sane
1089 3376 1273 3472 providere
1293 3385 1469 3466 curantes,
1485 3377 1603 3448 mani-

195 3498 282 3571 feste
298 3496 513 3572 declaramus
533 3499 630 3596 quod
653 3521 716 3572 nos
738 3499 833 3594 apud
855 3500 1100 3572 licrevordiam
1121 3499 1295 3572 constituti
1313 3509 1347 3572 et
1369 3499 1433 3571 iter
1450 3508 1604 3572 nostrum

195 3643 319 3695 versus
341 3622 477 3696 Atniam
499 3623 706 3724 dirigentes,
728 3624 977 3698 interveniente
1000 3623 1108 3698 ielicis
1130 3623 1376 3698 recordationis
1398 3622 1451 3719 (t)
1473 3623 1606 3697 Eukel-

195 3748 294 3831 bcrto
321 3747 515 3822 Coloniensi
545 3749 802 3845 archiepiscopo
833 3749 1022 3822 dilectoac
1048 3747 1144 3822 fideli
1166 3757 1302 3840 nostro,
1333 3747 1439 3820 nobili
1466 3749 1607 3822 dominc

195 3873 324 3968 Sophia
339 3874 440 3946 uxori
459 3873 593 3946 comitis
609 3873 741 3946 Ottonis
762 3873 808 3946 do
829 3874 1052 3968 Ravensberg
1068 3873 1247 3946 feodaliter
1264 3873 1480 3968 porreximus
1496 3874 1607 3944 comi-

196 3996 285 4068 ciam
302 3996 338 4068 in
359 3997 583 4092 limesgovia,
601 3997 731 4071 curiam
748 3995 784 4069 in
801 3999 911 4091 Lago,
937 3997 1067 4072 curiam
1087 3999 1122 4070 iu
1143 3999 1273 4070 Borceu
1297 4007 1331 4068 et
1354 3997 1390 4068 in
1413 3997 1604 4088 attinentia,

196 4131 370 4196 monetam
395 4122 432 4194 in
453 4123 639 4215 Emethcu,
667 4123 857 4196 thelonium
883 4123 919 4194 in
944 4123 1085 4214 Emesa,
1105 4132 1277 4196 monetam
1303 4130 1337 4194 ct
1359 4121 1548 4194 thelonium
1570 4123 1607 4194 in

198 4247 333 4339 Lunna,
350 4247 387 4318 in
403 4249 523 4343 chte,
540 4249 577 4321 in
593 4248 782 4340 Bilevelde,
799 4248 835 4320 in
850 4249 1020 4335 vtotowa
1040 4258 1075 4320 et
1090 4248 1205 4320 omnia
1224 4246 1323 4320 feoda
1345 4269 1414 4341 qne
1432 4246 1608 4342 predictus

198 4371 372 4443 comeso.
393 4372 438 4443 ab
457 4371 602 4468 imperio
624 4381 658 4446 et
673 4373 947 4447 antecessoribus
967 4371 1143 4446 nostriset
1163 4381 1279 4444 nostra
1295 4393 1401 4444 manu
1419 4371 1558 4444 tenebat
1575 4381 1610 4445 ct

199 4493 318 4588 quiete
334 4495 545 4592 possidebat.

201 4669 999 4682 aun—uuum
1476 4669 1607 4684 aa*

237 4748 277 4823 (t)
295 4749 367 4810 llaec
377 4752 494 4812 uuanda
507 4752 619 4825 mentio,
632 4768 703 4828 quae
717 4768 854 4828 nunquam
865 4753 916 4810 nisi
929 4753 965 4811 ds
978 4751 1112 4812 defunctis
1123 4752 1181 4811 heri
1195 4751 1272 4812 solet.
