4330 5914
1087 557 1302 618 Fuluuulcl
1329 557 1504 618 SECUNDl
1805 561 1885 638 [Ave.
1906 562 1988 623 1227.

399 1177 541 1276 diffie
636 1181 867 1286 Fridencus,
888 1181 1147 1263 Romanorum
1165 1179 1383 1288 imperator,
1404 1179 1572 1264 Honorio
1597 1207 1719 1290 papae
1747 1191 1883 1264 nomm
1904 1179 1992 1262 iecit

584 1343 625 1399 99
643 1315 752 1425 juxta
774 1313 1027 1422 provisionem
1049 1313 1131 1422 ejus
1148 1312 1362 1395 civitatibus
1381 1323 1418 1394 et
1439 1312 1633 1396 nobilibus
1654 1314 1849 1396 Societutis
1868 1313 1988 1396 Lom-

583 1447 739 1532 bardiae
763 1472 916 1530 omnem
943 1471 1139 1528 rancorem
1167 1446 1376 1552 remisisse,
1400 1447 1604 1555 omniaque
1630 1445 1759 1528 banna
1780 1473 1848 1556 per
1870 1473 1911 1528 99
1932 1446 1990 1528 vel

583 1609 651 1692 per
669 1581 787 1662 alium
804 1579 857 1661 eis
874 1579 1050 1686 imposita
1065 1577 1215 1686 penitus
1232 1577 1477 1659 revocavisse.

665 1799 803 1877 (Edlder.
827 1799 971 1872 Ssvsonv,
997 1795 1106 1858 Ausul.
1128 1793 1259 1878 Boloqrt,
1283 1812 1352 1873 pars
1375 1797 1441 1870 111¹,
1460 1813 1491 1874 p.
1513 1806 1562 1858 71.
1578 1827 1618 1842 -
1635 1795 1892 1870 19999,Μ99999
1912 1797 1990 1860 atet.

703 1909 808 1980 Geron,
829 1912 850 1966 t.
869 1907 927 1978 lV,
948 1922 976 1982 p.
1001 1913 1071 1966 990.
1086 1935 1125 1948 -
1138 1904 1266 1964 11119999
1278 1909 1379 1964 nuum
1396 1903 1433 1964 dc
1447 1919 1479 1962 re
1498 1903 1600 1962 eedem
1615 1903 1777 1964 rectoribus
1789 1905 1943 1964 civitatum
1962 1911 1993 1964 et

702 2013 850 2072 nobilibus
871 2011 999 2071 directae
1013 2015 1116 2070 991991
1128 2026 1178 2086 ap.
1192 2009 1309 2082 Lumo,
1327 2005 1397 2068 Cod.
1414 2005 1479 2068 leat
1495 2006 1657 2088 diplomat,
1671 2017 1694 2070 t
1707 2011 1765 2082 Ill,
1781 2025 1811 2085 p.
1826 2017 1912 2068 9.-
1924 2009 1992 2069 119·

703 2136 832 2189 annom,
848 2116 947 2196 Antip.
962 2113 1054 2177 Italic.
1068 2115 1139 2174 med.
1154 2115 1232 2188 9991,
1247 2123 1268 2176 t.
1287 2115 1347 2191 111,
1362 2131 1393 2192 p.
1409 2115 1705 2191 909-81999119
1716 2112 1803 2175 claris
1811 2113 1989 2196 metopae.

703 2227 812 2284 Bonan.
827 2221 962 2302 prostat,
977 2223 1003 2282 1·
1017 2238 1097 2300 pars,
1110 2239 1139 2299 p.
1156 2219 1215 2302 69.)

632 2436 852 2510 sanctissimo
878 2436 914 2505 in
937 2434 1071 2507 Christo
1096 2434 1183 2530 patri
1209 2434 1350 2508 domino
1377 2435 1419 2506 Η.
1449 2435 1511 2506 1191
1533 2436 1659 2526 gratia,
1683 2443 1766 2526 etc,
1793 2433 1994 2508 Frederieus

582 2562 705 2636 eedem
722 2560 840 2654 'gratia
865 2561 1096 2632 Romanorum
1120 2559 1317 2655 imperator,
1336 2579 1472 2655 semper
1491 2569 1675 2654 augustus,
1692 2561 1919 2633 atellensem
1936 2562 1994 2634 oi-

583 2689 679 2760 19999
694 2708 799 2780 quam
814 2706 924 2780 nuper
939 2685 1084 2780 quidam
1098 2683 1142 2757 do
1156 2683 1373 2774 civitatibus,
1390 2684 1474 2756 locis
1489 2695 1524 2756 et
1537 2685 1692 2779 personis
1712 2685 1757 2758 de
1772 2684 1990 2776 Lombnrdia,

583 2811 733 2886 Marchia
753 2819 787 2882 et
807 2809 1024 2897 Romaniola,
1039 2808 1202 2881 videlicet
1222 2804 1474 2899 Mediolanum,
1489 2807 1678 2898 Placentia,
1693 2807 1863 2896 Vercelle,
1878 2809 1994 2880 Βο9ο-

583 2936 655 3022 919,
669 2933 846 3020 Faventia,
860 2929 1085 3022 Alexandria,
1102 2929 1303 3022 Taurinum,
1319 2930 1451 3020 Lauda,
1462 2931 1678 3025 Pergamum,
1693 2931 1823 3022 Brixia,
1838 2931 1991 3020 Mantua,

584 3063 731 3149 Verona,
751 3057 886 3146 rauna,
901 3056 1070 3146 vicentia,
1089 3055 1298 3146 Tarvisium,
1319 3057 1456 3146 Creme,
1480 3111 1488 3128 .
1512 3109 1521 3126 .
1544 3109 1553 3127 .
1573 3056 1726 3129 marchio
1739 3057 1992 3148 Montislerrati,

585 3205 700 3256 comes
723 3180 917 3253 Gotiiredus
931 3179 976 3252 de
991 3177 1174 3252 Blandrato
1198 3187 1232 3250 et
1255 3179 1407 3272 quelibet
1423 3179 1491 3254 alie
1504 3201 1650 3276 persone
1664 3179 1710 3252 de
1730 3181 1814 3252 loeis
1831 3180 1995 3276 predictis

586 3317 703 3380 eontra
716 3305 926 3396 an'estatem
939 3311 1091 3374 nostram
1105 3311 1139 3374 et
1153 3311 1306 3374 nostrum
1327 3303 1511 3398 imperinm
1528 3305 1788 3394 commisemnt,
1802 3303 1885 3399 quin
1897 3303 1995 3378 vide·

586 3432 687 3503 batur
700 3426 983 3522 impedimentum
1005 3425 1125 3498 afferre
1143 3426 1280 3520 negotio
1299 3427 1401 3500 Terre
1420 3429 1560 3516 Sancto,
1582 3429 1618 3499 in
1632 3427 1816 3524 prudentia
1828 3437 1864 3500 et
1877 3428 1994 3523 dispo·

586 3555 710 3626 sitione
725 3561 838 3624 vestra
861 3573 902 3624 ao
927 3552 1068 3622 iratrum
1091 3559 1282 3624 vestrorum
1305 3551 1556 3624 venerabilium
1570 3551 1799 3625 cardinalium
1816 3553 1997 3647 posuimus

587 3679 753 3752 absolute.
769 3678 888 3748 Vestra
904 3675 1009 3769 igitur
1029 3673 1227 3770 provisione
1240 3695 1345 3770 super
1358 3675 1425 3748 hoc
1440 3675 1575 3771 plenius
1593 3675 1784 3768 intellecta,
1810 3697 1872 3771 pro
1893 3697 1997 3750 reve-

586 3802 696 3875 rentia
711 3803 790 3874 lesu
814 3799 937 3872 Christi
960 3808 995 3870 et
1018 3799 1127 3894 ipsius
1151 3799 1253 3871 Teme
1277 3801 1401 3872 Sancte
1418 3800 1573 3894 negotio,
1596 3801 1767 3872 universis
1791 3809 1827 3874 et
1850 3800 1998 3895 singulis

586 3925 793 4022 supradictis
813 3923 858 3996 de
876 3923 993 3996 innata
1014 3923 1115 3996 nobis
1130 3923 1310 3996 elementia
1326 3923 1532 3996 remittimus
1548 3945 1686 3996 ornnem
1711 3945 1903 4014 rancorem,
1922 3946 1997 3998 ma-

587 4049 814 4138 livolentiam,
843 4047 985 4138 injurias
1006 4056 1040 4120 et
1064 4041 1229 4138 offensas,
1249 4047 1435 4142 omniaque
1459 4049 1591 4136 banna,
1617 4047 1894 4140 constitutiones,
1913 4069 1997 4122 sen-

588 4174 711 4246 tentias
736 4181 770 4245 et
795 4170 1032 4244 ordinamenta
1062 4191 1132 4266 que
1164 4171 1307 4244 lecimus
1338 4173 1395 4244 vel
1425 4171 1654 4267 imposuimus
1679 4193 1742 4267 per
1765 4193 1829 4244 nos
1851 4173 1908 4246 vel
1936 4195 1998 4269 per

588 4299 695 4372 elium
719 4297 854 4370 aliusve
878 4315 941 4390 pro
969 4295 1070 4368 nobis
1089 4295 1254 4391 imposuit
1276 4295 1328 4368 eis
1352 4317 1414 4369 999
1431 4296 1535 4370 911991
1552 4295 1598 4368 (19
1617 4293 1832 4388 civitatibus,
1852 4296 1938 4369 locis
1963 4307 1998 4370 et

590 4421 744 4517 personis
759 4419 902 4509 eisdem,
920 4429 955 4492 et
971 4441 1190 4514 quecumque
1206 4441 1253 4492 ex
1271 4421 1321 4493 eis
1337 4420 1394 4494 vel
1416 4419 1463 4492 ob
1480 4440 1523 4492 ea
1536 4429 1766 4510 9999199991,
1786 4420 1922 4514 penitus
1935 4441 1997 4492 re-

589 4566 772 4635 vocamus,
796 4553 829 4616 et
855 4543 1048 4638 specialiter
1075 4544 1352 4617 constitutionem
1377 4545 1501 4616 laeum
1524 4542 1570 4616 de
1589 4543 1706 4616 studio
1729 4551 1765 4614 et
1780 4543 1998 4616 studentibus

588 4667 760 4757 Bononie;
779 4669 960 4741 universos
986 4677 1021 4741 et
1043 4669 1199 4764 singulos
1223 4667 1284 4764 qui
1315 4668 1495 4742 occasione
1516 4667 1662 4761 alicujus
1685 4665 1914 4762 predictorum
1935 4668 1997 4740 lesi
