4466 5914
547 539 608 603 656
1047 532 1259 594 1111111111ῑῦ1
1284 532 1458 594 succum
1775 535 1964 618 [11111266.

549 671 718 768 acquisita
746 670 781 742 in
809 667 1008 764 episcopatu
1029 675 1065 740 et
1085 666 1247 738 comitutu
1269 666 1428 740 lmclensi
1450 668 1507 740 vel
1529 667 1614 740 alibi
1632 667 1699 742 sibi
1718 669 1861 764 suisque
1882 694 1962 744 suc-

552 796 762 880 caesoribus,
789 815 867 864 cum
891 790 1212 883 jurisdictionibus,
1239 791 1533 886 correptionibus,
1559 793 1852 881 amonitionibus,
1874 819 1963 891 pas·-

552 921 626 994 ouis
650 928 684 992 et
704 915 976 1013 aqueductibus,
1005 916 1149 1007 bannis,
1175 915 1328 1012 placitis,
1354 915 1626 990 districtionibus
1648 926 1684 990 et
1708 918 1901 992 honoribus
1926 931 1963 992 et

550 1067 630 1119 cum
657 1043 818 1116 omnibus
843 1040 1046 1132 adjacentiis
1064 1049 1099 1115 ct
1126 1039 1342 1136 pertinentiis
1367 1039 1459 1128 suis,
1487 1042 1583 1114 nullo
1610 1039 1749 1114 redditu
1778 1043 1879 1115 nobis
1902 1045 1959 1114 vel

550 1167 675 1242 nostris
700 1165 958 1239 successoribus
987 1185 1050 1236 seu
1077 1164 1213 1260 imperii
1237 1163 1359 1238 nuntio
1380 1174 1556 1238 reservato
1576 1165 1634 1238 vel
1660 1165 1834 1258 exhibito,
1864 1167 1958 1240 salva

550 1303 664 1366 umen
682 1289 846 1363 fidelitate
861 1309 966 1383 quam
983 1298 1018 1361 et
1033 1287 1126 1362 idem
1142 1289 1326 1384 episcopus
1342 1309 1405 1384 pro
1420 1289 1494 1362 suis
1515 1289 1680 1362 omnibus
1697 1299 1812 1364 nostre
1830 1291 1960 1382 majes-

550 1416 611 1490 tati
629 1415 776 1510 prestitit
790 1423 825 1486 et
842 1421 912 1485 tam
928 1413 1003 1508 ipse
1017 1435 1122 1508 quam
1138 1413 1245 1484 futuri
1261 1412 1311 1508 (a)
1324 1435 1541 1488 successores
1555 1415 1632 1505 ejus
1647 1412 1749 1486 nobis
1765 1423 1800 1486 et
1815 1414 1960 1510 imperio

551 1549 703 1638 prestare
719 1546 897 1627 tenentur;
916 1534 1008 1608 sicut
1020 1546 1135 1610 nostre
1156 1537 1307 1610 constitit
1328 1538 1532 1612 excellentie
1553 1558 1616 1634 per
1636 1538 1841 1610 sententiam
1857 1541 1959 1612 latam

550 1686 614 1762 per
630 1661 863 1736 venerabilem
883 1659 1022 1734 fidelem
1043 1660 1179 1756 imperii
1199 1659 1390 1734 Gerardum
1412 1661 1710 1758 archiepiscopum
1728 1663 1960 1734 Ravennatem

551 1789 641 1862 inter
656 1788 807 1882 legatum
829 1784 965 1879 imperii
986 1783 1184 1858 Bertcldum
1206 1783 1252 1856 dc
1268 1783 1456 1878 chisberg
1470 1807 1517 1857 ex
1531 1806 1601 1859 una
1615 1795 1711 1881 purte
1726 1796 1762 1858 ct
1774 1785 1959 1858 Henricum

552 1911 803 1986 Comelisnssm
821 1908 1044 2004 episcopum,
1061 1929 1157 1980 nunc
1169 1907 1300 1982 dictum
1316 1909 1535 2000 lmclensem,
1552 1929 1600 1980 cx
1620 1910 1742 2001 altera,
1762 1932 1868 2004 quarn
1883 1931 1960 1983 sen·

553 2035 695 2110 endam
709 2033 884 2129 perpetuis
896 2032 1109 2128 temporibus
1122 2032 1306 2106 valituram
1317 2055 1363 2106 ex
1377 2042 1468 2106 certa
1480 2033 1624 2108 scientia
1636 2032 1880 2108 confirmamus
1892 2035 1957 2128 (1).

553 2160 698 2254 Insuper
719 2156 960 2230 diffinitionem
983 2157 1108 2228 lectam
1133 2156 1222 2229 inter
1244 2157 1425 2230 ecclesiam
1448 2158 1652 2231 lmclenssm
1665 2167 1702 2230 et
1719 2159 1852 2232 nobiles
1869 2159 1961 2232 viros

554 2285 695 2358 comites
712 2281 757 2355 de
773 2281 1023 2376 Bagnacavallc
1042 2289 1078 2353 et
1094 2281 1236 2354 comites
1258 2280 1303 2354 de
1325 2281 1435 2354 Cunic
1450 2291 1486 2354 et
1504 2280 1713 2376 Filgirardos
1731 2282 1779 2380 (1)
1798 2282 1844 2356 de
1865 2293 1962 2356 curte

553 2408 680 2504 Capitis
695 2405 807 2478 Silicis
825 2427 888 2500 per
905 2404 1096 2478 Iohannem
1114 2406 1159 2479 de
1172 2406 1283 2478 Vitalc
1304 2413 1340 2478 et
1359 2427 1442 2478 suos
1458 2405 1570 2480 socios
1584 2415 1700 2480 nostre
1717 2408 1886 2500 majestati
1904 2429 1961 2480 os-

554 2541 707 2616 tensam,
728 2528 831 2602 simili
858 2527 963 2601 modo
987 2529 1237 2602 contessionem
1260 2527 1432 2602 dicturum
1450 2528 1618 2602 nobilium
1634 2529 1679 2604 dc
1696 2528 1811 2602 leudis
1837 2531 1960 2604 lactem

553 2677 670 2729 coram
683 2653 845 2726 Bretuldo
856 2651 1025 2748 imperiali
1036 2653 1157 2724 nuntio
1172 2663 1208 2725 et
1222 2651 1385 2748 predictis
1400 2653 1499 2741 viris,
1516 2662 1551 2726 ct
1561 2675 1682 2727 ornnes
1696 2653 1962 2728 consuetudines

554 2787 589 2853 et
605 2778 758 2851 usantias
776 2797 863 2871 quas
878 2777 953 2872 ipse
965 2785 1000 2848 et
1013 2777 1068 2848 sui
1083 2776 1342 2871 predecessores
1360 2777 1397 2848 in
1412 2776 1518 2850 rebus
1533 2787 1568 2850 et
1580 2777 1779 2850 hominibus
1796 2777 1880 2852 dicti
1897 2779 1961 2852 loci

553 2903 684 2978 babent
700 2901 757 2975 vel
772 2901 989 2991 babuerunt,
1009 2899 1252 2973 confirmamus
1268 2912 1303 2972 et
1322 2901 1568 2996 approbamus.
1588 2902 1672 2976 ltem
1688 2901 1912 2976 concedimus
1928 2912 1963 2975 et

550 3029 718 3122 largimur
742 3026 857 3100 eidem
882 3022 1028 3118 suisque
1050 3025 1307 3097 successoribus
1331 3025 1548 3120 proprietatis
1568 3027 1647 3118 jure
1669 3027 1877 3121 omniaque
1898 3027 1961 3100 ba·

550 3174 664 3244 rcnes,
684 3151 839 3240 comites,
856 3148 1040 3243 capitanei,
1063 3149 1237 3242 ceterique
1257 3157 1328 3221 tarn
1346 3149 1479 3222 nobiles
1494 3171 1600 3244 quam
1617 3151 1676 3223 alii
1690 3151 1736 3223 ab
1748 3151 1872 3224 eodem
1890 3153 1962 3247 epi-

552 3297 657 3370 scopo
683 3274 740 3346 vel
764 3272 838 3345 suis
863 3271 1163 3366 predecessoribus
1183 3272 1219 3343 in
1246 3273 1387 3346 seudum
1406 3273 1463 3346 vel
1487 3274 1555 3346 alio
1581 3273 1684 3346 modo
1702 3273 1738 3346 in
1757 3283 1829 3348 toto
1846 3285 1962 3348 nostru

552 3399 715 3474 comitatu
733 3395 890 3468 imolensi
916 3396 972 3468 vel
1002 3395 1201 3491 episcopatu
1217 3396 1328 3491 ipsius
1347 3407 1382 3469 et
1398 3397 1480 3470 alibi
1500 3396 1672 3486 detinent,
1692 3407 1732 3470 ut
1754 3397 1853 3471 firma
1869 3409 1904 3472 et
1920 3399 1963 3470 il-

551 3523 658 3594 libata
689 3519 757 3592 sibi
787 3519 930 3613 suisque
963 3519 1218 3593 successoribus
1247 3528 1414 3616 perpetuu
1441 3531 1674 3616 perseverent.
1706 3523 1898 3594 statuimus
1924 3533 1963 3596 ut

552 3645 647 3718 nulla
665 3643 827 3739 temporis
842 3643 1042 3739 prescriptio
1060 3643 1096 3716 in
1113 3642 1276 3740 predictis
1291 3645 1391 3718 terris
1410 3645 1556 3740 aliisque
1572 3645 1678 3718 rebus
1694 3653 1729 3718 et
1739 3645 1880 3738 juribus
1899 3667 1962 3750 seu

546 3768 844 3864 jurisdictionibus
857 3767 924 3863 ipsi
938 3767 1151 3864 episcopatui
1162 3769 1413 3864 pertinentibus
1427 3770 1485 3844 vel
1498 3770 1682 3862 concessis,
1697 3769 1892 3845 hostilitatis
1905 3774 1962 3846 vel

549 3893 739 3970 invasionis
753 3892 1102 3987 occasicncdetcntis,
1116 3894 1231 3968 eidem
1244 3895 1388 3968 ecclesie
1405 3904 1531 3969 currat.
1542 3895 1737 3980 Qucmlibet
1749 3897 1856 3970 alium
1873 3917 1964 3993 pos-

592 4091 634 4172 (1)
655 4095 712 4170 Ap.
727 4091 895 4170 Ugbelllum
908 4089 1012 4169 vestrl,
1027 4091 1115 4154 male.

592 4195 632 4277 (1)
655 4197 735 4260 Altus
747 4193 921 4279 Filipardct.

555 4405 698 4418 μη...-

587 4539 624 4611 (1)
641 4537 716 4607 Quae
729 4539 862 4596 sententia
879 4554 949 4596 nnnc
969 4540 1074 4598 Domini
1086 4541 1169 4612 1116,
1189 4540 1262 4598 11117
1275 4547 1391 4601 11111111
1408 4557 1503 4603 mense
1520 4544 1641 4618 octobri,
1663 4545 1809 4606 indictione
1823 4546 1869 4618 111,
1886 4545 1959 4620 apud

549 4635 658 4694 lmclam
671 4635 724 4693 lata
736 4636 851 4694 refertur
863 4653 909 4712 ap.
922 4638 1106 4710 Uunnmrurr,
1121 4637 1200 4711 illd,
1213 4655 1242 4715 p.
1255 4643 1318 4698 111.
