4466 5914
335 648 516 728 lunrtr.14.]
789 645 988 708 HISTORIA
1012 641 1307 708 DIPLOMATICA
1694 627 1756 691 609

336 794 476 892 turque
501 788 545 864 ut
565 778 648 890 regi
674 777 814 861 Daciae
839 778 890 863 ab
912 777 1073 861 ilenrico
1100 776 1237 861 comite
1264 776 1312 857 de
1334 769 1471 854 Zuarin
1499 773 1690 851 carcerato
1717 770 1755 846 et

337 939 519 1026 oppresso
540 939 653 1024 opem
676 911 788 996 ferat.

420 1128 592 1210 (nemer.
603 1129 636 1188 ιιι
649 1124 747 1188 recca
761 1127 843 1208 apae
860 1127 982 1188 naues
993 1128 1049 1202 ιιι,
1065 1129 1096 1188 u
1111 1125 1226 1188 errat.
1239 1124 1282 1186 na
1298 1124 1387 1186 rora
1401 1119 1546 1191 aarum,
1561 1121 1594 1178 u
1607 1115 1748 1180 uranon.

459 1233 566 1308 raa)

389 1421 514 1494 Datum
531 1420 701 1514 Laterani,
717 1421 748 1495 V
768 1420 850 1495 idus
863 1421 972 1516 junii,
992 1441 1083 1493 anno
1101 1415 1322 1516 pontificatus
1339 1413 1445 1490 nostri
1462 1414 1505 1486 X.

575 1731 1050 1745 m—-*·—---
1058 1728 1518 1742 unna--u—-u-ss—-u-—n

396 2004 583 2091 Geroldus
617 2005 834 2116 patriarcha
872 2005 1209 2118 lerosolymitanus
1244 2015 1283 2088 et
1317 2029 1450 2090 omnes
1485 2005 1642 2116 praelati
1677 2017 1757 2088 tam

343 2140 564 2224 Theutonici
583 2166 702 2252 quum
719 2140 853 2245 Italici,
873 2167 962 2224 cum
976 2167 1021 2224 eo
1040 2140 1143 2250 apud
1155 2142 1335 2224 Parmam
1347 2140 1557 2248 constituti,
1581 2141 1758 2250 episcopo

342 2275 616 2360 Hildescmensi
634 2275 837 2360 consilium
858 2274 1041 2384 praebent
1059 2285 1102 2358 ut
1119 2273 1230 2384 juxta
1248 2274 1393 2358 litteras
1411 2275 1637 2385 apostolicas
1660 2303 1757 2360 sen-

342 2409 500 2492 tentiam
518 2408 920 2493 excommunicationis
941 2408 982 2488 in
1005 2406 1240 2491 lombardos
1262 2408 1446 2517 proferet,
1467 2435 1556 2491 eum
1575 2409 1636 2492 isti
1659 2409 1761 2492 Hen-

343 2543 423 2626 riro
442 2545 703 2628 Romanorum
724 2542 807 2654 regi
829 2551 867 2625 et
888 2541 1122 2652 principibus
1146 2567 1340 2624 accessum
1363 2544 1413 2625 ad
1434 2543 1701 2652 imperatorem
1719 2544 1759 2625 in

345 2677 450 2760 ouria
474 2675 719 2760 Cremonensi
738 2675 1026 2786 denegaverint,
1047 2675 1119 2758 nisi
1139 2675 1211 2759 sub
1229 2677 1340 2760 certis
1362 2675 1642 2760 conditionibus
1661 2703 1760 2788 quae

345 2811 502 2896 omnino
523 2809 761 2922 imperialem
783 2811 1044 2896 excellentiam
1066 2810 1312 2895 dedecebant.

428 3055 546 3136 (Edldlt
558 3057 595 3118 fl.
611 3057 807 3132 Snnrrnonr,
822 3053 1031 3137 Merlroitrdr'pe
1044 3049 1199 3115 urkundeu
1206 3053 1266 3136 fiir
1280 3051 1326 3114 dir
1339 3055 1438 3116 Drutr.
1450 3053 1557 3129 Garat,
1573 3061 1644 3118 crst.
1661 3055 1758 3132 Thell,

466 3182 499 3243 p.
516 3172 566 3238 89,
580 3173 613 3224 u·
625 3165 721 3237 XLII,
737 3181 774 3224 ex
791 3164 996 3241 dlplomatorlo
1009 3161 1190 3224 Hildeshem.
1207 3177 1357 3224 manuscr.
1372 3161 1516 3223 hactenns
1533 3163 1667 3238 lnedlto.)

396 3376 436 3450 G.
465 3376 527 3450 Dei
560 3378 672 3470 gratie
702 3377 897 3474 patriarcha
922 3377 1237 3469 lamselimitanus,
1265 3374 1308 3448 Α.
1335 3375 1662 3470 Magdeburgensis,
1685 3432 1694 3450 .
1718 3431 1761 3451 ..

348 3500 633 3597 Burdegalensis,
656 3557 665 3574 .
689 3555 698 3576 .
721 3501 1032 3594 .Mediolanensis,
1064 3504 1103 3574 L.
1141 3502 1293 3597 Reginus
1321 3501 1588 3598 archiepiscopi,
1617 3503 1766 3577 Jaoobus

348 3623 577 3717 Aeeonensis,
605 3627 647 3700 Ε.
673 3627 987 3722 Merseburgenais,
1016 3628 1059 3699 H.
1077 3627 1359 3719 wormatiensis,
1381 3679 1390 3698 .
1414 3681 1423 3700 .
1445 3681 1454 3698 .
1473 3626 1664 3720 Curiensis,
1689 3683 1699 3700 .
1722 3683 1731 3702 .
1755 3682 1764 3700 .

349 3749 650 3846 Nucubnrgensis,
673 3807 682 3826 .
705 3804 715 3824 .
738 3751 958 3826 .Basiliensis
984 3760 1019 3826 et
1039 3805 1048 3824 .
1071 3803 1081 3823 .
1102 3751 1352 3843 .Brixinensis,
1385 3750 1426 3823 G.
1458 3751 1669 3845 Parmensis,
1693 3808 1702 3826 .
1724 3807 1763 3826 ..

351 3875 541 3968 imolensis,
560 3930 569 3949 .
592 3930 601 3949 .
627 3879 865 3970 .Brixiensis,
886 3933 896 3952 .
920 3933 930 3952 .
952 3933 961 3950 .
982 3879 1233 3974 Pergamensis,
1256 3933 1265 3950 .
1288 3931 1297 3952 .
1320 3879 1586 3973 .Veroellensis,
1608 3934 1617 3952 .
1637 3934 1646 3952 .
1668 3935 1677 3952 .
1697 3881 1766 3954 No·

350 4003 537 4096 vurlensis,
560 4057 569 4076 .
595 4059 604 4076 .
628 4003 828 4098 .Astensis,
850 4059 859 4078 .
880 4059 890 4078 .
914 4005 1187 4098 .Terdonensis,
1211 4057 1220 4078 .
1245 4059 1254 4078 .
1277 4005 1467 4080 .llretinus
1482 4016 1541 4080 et.
1562 4060 1571 4076 .
1592 4007 1766 4080 .Thuuri-

350 4128 468 4202 nensis
493 4128 667 4226 episcopi,
696 4185 706 4202 .
732 4183 741 4202 .
773 4183 782 4202 .
810 4131 1067 4224 Murbacenais,
1092 4185 1101 4203 .
1131 4185 1139 4202 .
1165 4185 1173 4202 .
1198 4130 1428 4223 Prumiensis‚
1452 4185 1461 4202 .
1487 4184 1496 4202 .
1521 4131 1768 4206 ‚salariensis

352 4262 413 4326 et.
434 4307 444 4325 .
465 4307 474 4326 .
494 4253 759 4330 Nonuntulanus
772 4255 929 4328 abbates.
948 4256 1073 4328 Notum
1087 4256 1234 4330 facimus
1254 4255 1425 4330 universis
1444 4277 1586 4351 presens
1602 4257 1769 4353 scriptum

351 4377 638 4472 perspicientibus
662 4379 758 4474 quod
785 4401 866 4452 cum
891 4379 1054 4454 domiuus
1076 4379 1270 4454 Friderieus
1291 4381 1433 4454 illustris
1453 4382 1685 4456 Romanorum
1703 4383 1769 4456 im·

352 4509 504 4596 perator,
533 4525 670 4599 semper
696 4513 884 4599 augustus,
912 4503 1137 4578 iherosolima
1166 4514 1201 4576 et
1230 4505 1345 4578 Sicilie
1370 4525 1455 4596 rex,
1484 4505 1553 4578 sibi
1580 4516 1771 4582 assumeret

352 4646 441 4700 onus
469 4626 517 4700 ad
544 4629 720 4722 negotium
752 4629 855 4703 Terre
888 4632 1012 4703 Sancte
1048 4630 1217 4703 divinitus
1248 4629 1451 4726 inspiratus,
1479 4630 1515 4702 in
1548 4632 1679 4704 Italiam
1707 4653 1771 4705 ve·

353 4749 429 4825 nire
457 4754 635 4848 proposuit
667 4754 712 4828 de
740 4755 882 4830 consilio
914 4755 1108 4851 sapientum
1133 4777 1197 4852 pro
1224 4754 1317 4830 dieto
1349 4755 1487 4852 negotio
1515 4757 1768 4853 promovendo,

454 4877 598 4940 limma
1577 4891 1613 4944 77
