4324 5916
577 595 640 660 944
1128 591 1440 657 instititutis.

578 753 649 828 qne
670 729 719 802 ibi
742 735 811 802 iem
833 749 856 800 a
878 749 960 822 rege
979 727 1123 822 Rogerio
1148 750 1255 823 quum
1282 731 1327 804 ab
1352 731 1430 804 eliis
1454 731 1595 826 regibus
1617 732 1796 806 Guilielmo
1820 736 1932 830 primo
1956 749 1990 812 et

579 855 733 931 seeundo
757 854 815 950 pie
835 851 998 926 memorie
1026 861 1062 924 et
1086 851 1179 926 divis
1207 853 1366 948 angustis
1390 854 1532 929 domino
1557 855 1762 952 imperatore
1786 859 1933 934 Henn'oo
1956 873 1990 934 et

575 1116 696 1177 domine
709 1111 894 1189 impemtriee
905 1109 1088 1183 Commune,
1102 1111 1273 1188 perentibus
1283 1113 1403 1190 nostris,
1415 1113 1512 1174 eidem
1524 1117 1702 1176 monasterio
1715 1123 1785 1178 snnt
1797 1117 1925 1190 induite,
1941 1122 1987 1179 in-

577 1239 666 1300 super
686 1219 903 1292 ooneessiones‚
918 1215 1091 1278 donationes
1102 1223 1133 1277 et
1145 1217 1295 1280 iibertetes
1313 1233 1389 1296 ques
1407 1221 1530 1282 oomites
1550 1220 1734 1299 herodesque
1754 1221 1865 1300 eidqne
1886 1223 1989 1286 ddeies

577 1329 650 1390 dieti
662 1328 745 1406 regni
758 1326 850 1386 nostri
863 1339 917 1402 pro
929 1323 1094 1384 devotionis
1107 1322 1217 1384 eiieetn
1240 1323 1338 1384 eidem
1358 1327 1539 1386 monasterio
1551 1326 1716 1388 intulerunt
1717 1369 1834 1390 .....
1849 1331 1914 1390 sine
1932 1331 1987 1390 eii·

578 1451 638 1514 qno
640 1471 829 1495 ........
844 1445 947 1508 regum
959 1429 1141 1506 temporibus
1153 1433 1308 1492 oonsnevit
1319 1438 1429 1492 utetur.
1444 1433 1509 1507 Qus
1521 1433 1677 1512 privilegis
1689 1436 1784 1510 ajune
1795 1437 1943 1512 generali.
1956 1480 1964 1494 .
1978 1484 1986 1499 .

580 1581 768 1605 ........
789 1537 798 1598 ’.
816 1578 825 1596 .
843 1579 852 1597 .
868 1579 876 1597 .
893 1536 1012 1596 anobis
1024 1537 1055 1595 in
1069 1537 1151 1597 curin
1164 1535 1304 1614 Cnpuene
1314 1537 1352 1598 de
1365 1537 1527 1617 privilegiis
1539 1539 1733 1617 rmignmdm
1744 1541 1841 1602 dirtos
1853 1543 1949 1603 abhus
1960 1552 1988 1604 et

578 1653 739 1710 conventus
742 1685 1013 1706 ...........
1028 1641 1197 1702 habuerunt
1198 1683 1447 1706 ..........
1462 1645 1591 1724 quedem
1608 1647 1666 1708 elie
1688 1647 1839 1709 humiliter
1858 1652 1988 1728 resigne-

577 1761 657 1816 rnnt.
684 1755 818 1829 Ipsorum
844 1753 944 1827 iteqne
970 1749 1187 1826 privilegiorum
1214 1751 1345 1827 inspecto
1371 1755 1493 1830 mom,
1516 1753 1556 1812 nd
1582 1753 1725 1814 humilem
1748 1755 1987 1832 suppiimtionesn

577 1860 747 1921 eorumdem
762 1857 876 1918 abistis
879 1895 1367 1920 ...................
1382 1865 1483 1920 noem
1500 1860 1594 1938 gruna
1612 1875 1653 1920 ex
1671 1865 1751 1922 m
1768 1868 1870 1922 mr,
1891 1865 1986 1924 mm.

578 1971 621 2029 tis
644 1967 740 2028 eidem
761 1964 864 2025 eedem
868 2002 1111 2024 ..........
1126 1963 1324 2036 restituimus,
1346 1965 1423 2026 siout
1438 1968 1503 2044 jem
1522 1967 1554 2024 in
1573 1966 1663 2026 sitem
1685 1965 1798 2026 ieetnnn
1821 1974 1867 2028 est
1889 1973 1988 2028 nostre

579 2073 742 2152 molestetis
765 2070 937 2147 privilegio,
952 2073 983 2128 et
995 2069 1094 2128 omniu
1108 2083 1167 2144 que
1188 2069 1376 2132 oontinntnr
1394 2073 1427 2132 in
1445 2073 1489 2134 eis
1508 2071 1605 2134 eidem
1626 2074 1804 2136 monestede
1825 2075 1988 2150 speenitter

579 2182 720 2244 duximus
736 2176 937 2240 oonilrmnnds
950 2181 986 2236 ut
1005 2180 1068 2236 tum
1087 2175 1190 2236 eedem
1209 2177 1362 2254 privilegis
1364 2216 1775 2242 ................
1791 2179 1987 2240 hnbmtidem

578 2285 789 2350 monesterium
801 2300 839 2342 ex
851 2288 932 2344 eertn
944 2287 1045 2342 nostre
1057 2283 1180 2342 scientis
1196 2280 1380 2344 eondrmete.
1395 2283 1587 2346 Gonmdimns
1610 2287 1711 2362 itsqne
1731 2292 1762 2346 et
1780 2287 1988 2348 eondrmurnns

577 2395 636 2470 ipsi
652 2390 873 2452 monasteriolo
886 2393 1059 2466 perpetuum
1071 2387 1222 2448 heremum
1242 2390 1275 2450 in
1297 2405 1357 2466 qno
1375 2392 1466 2452 sitnm
1482 2397 1528 2452 est
1539 2395 1751 2452 monesterium
1762 2407 1830 2454 enni
1849 2395 1988 2454 omnibns

578 2497 750 2570 rationibus,
765 2497 931 2556 tenimentis
950 2501 980 2554 et
1000 2497 1181 2571 pertinentiis
1194 2497 1270 2568 snts,
1286 2496 1382 2556 esseio
1395 2495 1516 2574 Spetnle
1534 2513 1604 2557 enni
1622 2499 1737 2558 euitnrn
1752 2515 1811 2576 qne
1824 2499 1933 2559 dieitur
1951 2499 1988 2559 de

577 2605 712 2668 Murmni
728 2609 758 2662 et
768 2603 920 2662 eooieslm
933 2601 1033 2662 Seneti
1052 2601 1170 2662 Leontio
1188 2617 1257 2662 eum
1270 2603 1359 2663 onsnii
1376 2617 1447 2676 suo,
1462 2603 1632 2664 hominibus
1643 2610 1674 2664 et
1686 2603 1923 2681 omnibusJustis
1942 2613 1986 2666 te·

576 2713 714 2774 nimentis
725 2715 756 2772 et
769 2709 952 2786 pertinentiis
963 2711 1037 2782 suis,
1047 2709 1200 2770 ecetesiam
1213 2710 1314 2772 Sentii
1325 2711 1443 2772 Fentini
1456 2715 1488 2772 et
1500 2709 1654 2772 eeclesiam
1670 2709 1772 2772 Snneti
1791 2711 1914 2774 Niootei.
1931 2755 1940 2771 .
1953 2755 1962 2772 .
1975 2755 1985 2774 .

577 2862 592 2884 .,
604 2858 744 2879 ......
757 2815 950 2876 eteeeiesiem
963 2814 1171 2892 Apostolorum
1189 2821 1219 2876 et
1235 2817 1389 2896 grangiam
1402 2816 1545 2894 Arsnphie
1558 2833 1626 2878 eum
1645 2815 1986 2889 eemtibnnhomtnitm

574 2931 604 2986 et
616 2923 754 2986 omnihus
770 2924 860 3000 iustis
876 2923 1062 3000 pertinentiis
1075 2927 1105 2981 et
1117 2923 1285 2982 tenimentis
1299 2923 1360 2982 suis
1372 2923 1403 2982 in
1417 2923 1561 2984 territorio
1574 2923 1651 2986 suti.
1669 2925 1744 2984 item
1757 2924 1945 2985 eonmdimns
1957 2932 1986 2985 et

572 3031 781 3092 confirmemus
784 3069 977 3090 ........
992 3025 1161 3088 hominibus
1176 3033 1206 3088 et
1218 3027 1354 3090 omnibns
1372 3029 1542 3090 tenimentis
1558 3035 1588 3090 et
1604 3031 1786 3106 pertinentiis
1800 3031 1862 3090 suls
1875 3031 1908 3090 in
1921 3036 1985 3091 ter-

573 3139 674 3198 ritorio
693 3135 798 3196 Senete
820 3133 989 3207 catherine,
1005 3133 1152 3193 culturam
1173 3133 1210 3192 de
1231 3131 1338 3194 Snneto
1360 3133 1453 3194 Penio
1474 3135 1506 3193 in
1527 3133 1591 3194 iooo
1609 3134 1687 3194 dioto
1708 3135 1745 3194 de
1766 3133 1932 3196 Bnrbsrnso
1953 3137 1983 3197 in

571 3245 734 3305 tenimento
746 3241 812 3302 suti
828 3257 886 3318 qne
899 3241 1109 3300 monesterium
1124 3240 1222 3315 ipsum
1237 3239 1370 3299 hebetet
1385 3239 1516 3316 possidet
1528 3255 1567 3298 ex
1579 3239 1736 3300 donatione
1748 3239 1867 3300 domine
1869 3283 1982 3303 .....

574 3389 774 3412 ........
790 3349 865 3410 Item
878 3345 1068 3407 eonmdimus
1078 3351 1108 3406 et
1119 3345 1330 3406 eundrmsmus
1342 3345 1490 3406 culturum
1502 3361 1562 3422 qne
1573 3345 1681 3406 dieitur
1700 3345 1874 3422 Cnmienen,
1894 3348 1985 3408 enisis

572 3462 673 3518 tnrnen
686 3455 833 3516 {numento
846 3459 877 3514 et
892 3455 1016 3529 peennts
1029 3459 1126 3512 nosue
1140 3453 1220 3512 curie
1232 3451 1355 3524 debitis,
1370 3453 1447 3512 sieut
1464 3457 1494 3512 et
1511 3453 1568 3512 niis
1587 3459 1685 3512 nostre
1697 3454 1812 3514 euitnre
1824 3453 1938 3516 solvere
1954 3461 1985 3514 et

572 3562 692 3623 reddere
705 3561 790 3622 solite
802 3563 872 3620 sunt
884 3563 914 3620 et
927 3557 1045 3619 debent.
1060 3558 1136 3616 item
1151 3557 1302 3618 molestum
1314 3559 1415 3620 Seneti
1434 3559 1538 3620 Jeoobi
1557 3559 1594 3620 de
1613 3558 1771 3620 Montebro
1784 3575 1875 3638 prope
1885 3560 1984 3638 squil-

570 3667 679 3727 ineinm
692 3681 760 3728 enm
773 3664 918 3726 mnibus
932 3665 1005 3734 suis,
1013 3662 1149 3722 videlieet
1161 3663 1256 3724 casote
1269 3663 1429 3738 Montobri,
1437 3664 1599 3742 Gsspurine
1612 3670 1643 3724 et
1654 3664 1789 3724 Arunehi
1802 3679 1872 3726 eum
1886 3667 1983 3726 omni·

571 3771 628 3832 bns
638 3773 728 3849 Justis
747 3773 929 3848 pertinentiis
942 3775 972 3830 et
985 3771 1153 3830 tenimentis
1167 3771 1228 3830 suis
1240 3774 1351 3830 etcum
1368 3771 1514 3830 universis
1533 3769 1651 3830 villenis
1673 3776 1704 3830 et
1725 3769 1895 3831 hominibus
1909 3787 1983 3846 quos

571 3879 661 3939 hebet
673 3879 750 3938 idem
764 3879 973 3938 monesterium
983 3878 1015 3936 in
1027 3875 1164 3952 predictis
1177 3875 1331 3936 omatibus.
1340 3877 1416 3936 item
1429 3875 1616 3936 eoneedimus
1628 3881 1658 3936 et
1669 3874 1880 3936 eondrmemns
1888 3876 1983 3936 eidem

571 3986 748 4046 monasterio
761 3985 954 4044 tenimentum
967 3981 1117 4058 quoddam
1134 3983 1167 4040 in
1183 3981 1328 4042 territorio
1340 3979 1406 4042 Stiii
1425 3982 1458 4040 in
1478 3983 1564 4041 terris
1576 3981 1737 4042 Gssemorm
1747 3983 1836 4059 Juxta
1851 3983 1984 4058 proprios

570 4091 646 4154 fines
658 4097 689 4152 et
702 4089 815 4151 divisos
834 4105 909 4166 ques
928 4089 1017 4148 inseri
1034 4090 1175 4166 iussimus
1188 4087 1242 4164 [et]
1255 4087 1400 4148 oonsoribi
1421 4089 1452 4148 in
1475 4087 1566 4148 sitem
1588 4091 1688 4148 nostro
1713 4087 1865 4164 privilegio
1888 4087 1982 4148 eidem

569 4198 748 4260 monasterio
749 4235 998 4257 ..........
1020 4197 1051 4253 in
1075 4193 1153 4254 dieto
1176 4195 1337 4254 tenimento
1362 4193 1462 4254 nulius
1483 4193 1591 4253 heom
1610 4197 1663 4253 eut
1685 4191 1767 4253 eliud
1790 4209 1866 4270 opus
1889 4192 1983 4252 funere

569 4305 677 4367 sudent
691 4303 802 4380 ubsque
815 4302 967 4362 vuinntste
980 4300 1096 4362 nbbstis
1109 4307 1139 4361 et
1149 4299 1276 4361 imnum
1289 4302 1458 4362 monosterii
1472 4300 1721 4377 snprsdiett,enm
1730 4301 1823 4376 ipsius
1836 4301 1983 4360 tenimen-

495 4449 498 4456 ·
568 4408 1199 4486 tiseteommoditetibnseliigunderenon
1215 4407 1352 4482 debeant,
1372 4409 1429 4468 nisi
1445 4408 1488 4468 itti
1505 4407 1632 4485 ndqnos
1634 4447 1777 4469 ......
1792 4409 1890 4484 ipsum
1902 4407 1980 4465 teni·

569 4525 703 4580 mutum
716 4518 755 4578 de
774 4520 854 4594 regin
868 4516 925 4576 init
927 4555 1195 4578 ...........
1209 4531 1380 4576 eoneessnm
1400 4520 1431 4574 et
1451 4529 1532 4574 nune
1552 4513 1589 4573 de
1610 4517 1711 4573 nostre
1728 4513 1874 4588 imperinii
1887 4513 1981 4588 prede

568 4625 784 4686 eoniirmetum.
802 4625 877 4684 item
889 4621 1077 4683 ooneedimns
1097 4629 1127 4682 et
1148 4621 1355 4683 eoniirmemus
1376 4620 1529 4681 euehitur
1548 4617 1656 4680 Senete
1675 4619 1783 4691 Meris,
1796 4617 1927 4678 enitnrns
1949 4621 1981 4675 et

568 4737 661 4795 terrm
682 4745 758 4810 ques
777 4729 868 4790 hebet
886 4727 967 4791 idem
987 4731 1197 4790 monesterium
1219 4731 1251 4789 in
1270 4729 1432 4788 tenimento
1434 4765 1548 4790 .....
1564 4725 1696 4787 iideiinm
1720 4724 1778 4786 sibi
1799 4723 1888 4785 isets.
1902 4724 1979 4783 itan
