4330 5914
183 576 280 634 lunser.
302 573 362 649 la]
634 567 833 630 HISTORIA
860 563 1152 628 lllPLOhlll'l'lCd.
1537 565 1592 624 'lll

184 707 389 781 habundare
406 706 492 777 nulli
513 705 660 779 dubium
679 715 747 796 est,
769 705 937 778 malitiose
957 724 1056 776 suam
1074 699 1346 774 habundantiam
1365 701 1588 792 occultantes,

184 851 403 926 nequaquam
431 829 518 901 illud
548 827 772 901 maledictum
804 827 1016 902 advertunt:
1037 817 1277 896 «Maledictus
1300 823 1403 896 homo
1430 825 1491 918 qui
1518 827 1592 898 fru-

182 964 338 1028 mentum
362 950 544 1024 abscondit
561 951 598 1022 iu
614 954 763 1046 populc;
783 976 801 1020 n
820 973 890 1023 non
909 958 1067 1023 curantes
1087 948 1181 1020 illam
1202 945 1478 1020 benedictionem
1501 948 1593 1022 acci-

183 1085 265 1173 pere
279 1078 324 1149 de
340 1099 410 1172 qua
424 1076 587 1148 continue
600 1076 838 1148 subinfertur:
864 1073 1093 1148 «Benedictio
1109 1081 1226 1145 autem
1246 1093 1350 1166 super
1376 1083 1480 1168 caput
1507 1096 1594 1148 ven-

184 1200 340 1272 dentium
353 1226 371 1268 »
386 1221 452 1272 nec
466 1199 618 1294 denique
632 1197 848 1271 attendentes
858 1199 954 1292 quod
968 1173 1153 1270 necessitas
1165 1194 1363 1286 hujusmodi
1377 1194 1592 1272 habundanti

184 1324 305 1396 tribuit
327 1345 488 1415 magnam
514 1323 785 1398 misericordiam
810 1320 1026 1396 diminuendi
1046 1327 1187 1416 peccata
1211 1328 1246 1390 et
1271 1319 1426 1392 divinam
1447 1321 1592 1412 gratiam

182 1448 327 1520 ulterius
347 1445 578 1542 promerendi.
604 1448 753 1540 Urgente
778 1446 884 1540 igitur
901 1444 1171 1516 necessariorum
1193 1443 1329 1538 inopia,
1351 1445 1529 1517 conlluunt
1546 1447 1592 1520 ad

182 1594 245 1644 nos
264 1571 381 1666 populi
399 1570 583 1642 multitudo
599 1592 688 1665 quos
705 1569 780 1642 sine
793 1569 954 1664 lacrymis
977 1567 1098 1640 audire
1119 1588 1189 1640 non
1206 1589 1409 1662 possumus,
1429 1569 1592 1644 alimenta

184 1696 396 1790 deposcens,
415 1705 450 1768 et
470 1716 535 1768 nec
551 1696 649 1768 aliter
666 1717 772 1790 quam
790 1695 820 1766 si
841 1694 974 1788 lapides
991 1701 1189 1766 convertere
1206 1693 1376 1786 pessimus
1402 1693 1439 1766 in
1465 1717 1591 1790 panem

182 1819 296 1891 autin
324 1819 468 1892 lerinam
491 1828 579 1892 terre
603 1819 782 1914 pulverem
810 1827 1030 1890 commutare.
1053 1820 1091 1890 ln
1111 1816 1310 1908 hujusmodi
1332 1839 1415 1912 ergo
1436 1821 1591 1894 necessi-

38 1997 42 2006 .
181 1943 261 2014 tatis
275 1943 417 2014 articulo
439 1943 485 2016 ad
498 1952 551 2036 te,
571 1941 641 2028 fili,
662 1942 830 2017 duximus
849 1941 1053 2015 fiducialiter
1065 1941 1325 2032 recurrendum,
1342 1963 1590 2036 recognoscens

180 2067 277 2162 quod
295 2065 404 2139 lelicis
422 2066 667 2140 recordationis
690 2065 887 2140 Alexander
902 2076 937 2140 et
956 2065 1082 2138 Lucius
1106 2065 1248 2140 Romani
1270 2065 1449 2160 pontifices
1465 2067 1589 2162 prede-

181 2213 334 2264 cessores
348 2193 453 2266 nostri
471 2193 518 2266 ad
536 2213 635 2286 reges
651 2193 766 2264 Sicilie
786 2193 1044 2287 predecessores
1062 2200 1141 2264 tuos
1158 2190 1195 2262 in
1211 2211 1294 2262 casu
1316 2189 1419 2262 simili
1437 2191 1589 2268 habuere

180 2335 380 2402 recursum,
405 2325 439 2387 et
461 2335 520 2386 eos
544 2315 722 2405 liberales,
748 2327 851 2408 prout
875 2315 1025 2408 regalem
1045 2311 1334 2406 magnificentiam
1364 2315 1500 2400 decuit,
1526 2317 1588 2388 in-

179 2448 361 2510 venerunt.
390 2437 493 2524 Quod
518 2439 563 2511 de
587 2449 644 2512 tua
669 2439 872 2512 liberalitato
898 2459 967 2510 non
992 2437 1135 2530 indigne
1159 2437 1385 2530 presumitur,
1416 2459 1496 2510 cum
1520 2462 1589 2514 ncn

181 2563 347 2635 minorem
367 2551 558 2636 habeamu's
581 2564 628 2638 ad
648 2572 682 2636 te
705 2563 856 2636 caritatis
878 2563 1038 2634 allectum
1068 2581 1175 2654 quam
1199 2560 1245 2633 ad
1274 2562 1368 2656 ipsos
1394 2561 1592 2638 habuerunt

180 2685 359 2780 pontifices
376 2687 559 2778 antedicti,
581 2707 646 2760 nec
662 2689 828 2760 minorem
848 2709 952 2781 quam
967 2686 1070 2758 luerit
1091 2685 1292 2764 eorumdem
1308 2705 1429 2776 regum
1450 2688 1497 2761 ad
1516 2689 1592 2762 illcs

179 2819 275 2882 tuam
294 2810 341 2884 ad
362 2833 425 2884 nos
442 2811 711 2884 benivolentiam
729 2811 949 2884 extimemus.
975 2809 1187 2905 imperialem
1214 2809 1332 2903 itaque
1351 2810 1588 2886 liberalitatem

178 2934 273 3006 omni
301 2956 372 3029 qua
395 2956 580 3030 possumus
606 2935 787 3008 allectione
814 2935 1033 3030 deposcimus
1065 2934 1229 3028 quatinus
1257 2933 1444 3028 prudenter
1470 2945 1588 3010 atten-

178 3058 266 3131 dens
291 3059 434 3152 gratiam
454 3059 673 3154 promerendi
698 3057 853 3132 divinam
879 3060 1116 3154 populumque
1139 3060 1330 3132 Romanum
1359 3058 1405 3131 ad
1433 3059 1587 3134 dilectio-

178 3201 259 3254 nem
274 3183 390 3276 potius
403 3185 548 3277 gratiam
563 3183 628 3255 sibi
646 3183 795 3277 desuper
811 3183 873 3254 tibi
890 3184 1005 3257 datam
1016 3181 1064 3278 (a)
1076 3183 1214 3278 ylariter
1228 3184 1466 3278 amplectendo
1479 3185 1586 3258 verbo

178 3306 306 3402 Ioseph
321 3307 382 3402 qui
396 3308 469 3402 pari
484 3307 687 3380 necessitate
704 3315 836 3403 patrem
856 3309 953 3402 pavit
970 3318 1005 3382 et
1024 3309 1180 3404 fratrem,
1202 3307 1268 3404 ipsi
1284 3309 1411 3404 populo
1428 3310 1489 3404 qui
1509 3319 1584 3382 tan·

177 3454 284 3526 quam
302 3430 350 3504 ad
366 3441 496 3527 patrem
515 3431 679 3506 exoriens
699 3431 746 3526 ad
769 3453 833 3504 nos
850 3432 975 3504 clamat
993 3431 1121 3506 debeas
1142 3432 1309 3525 largitatis
1330 3443 1389 3507 tue
1408 3433 1586 3508 dexteram

177 3554 328 3649 aperire,
348 3564 388 3627 ut
407 3556 607 3648 hujusmodi
624 3555 759 3630 articuli
779 3555 958 3650 angustias
970 3577 1032 3652 per
1049 3556 1217 3630 auxilium
1238 3565 1336 3628 tuum
1353 3559 1502 3632 evadere
1524 3581 1586 3632 va·

178 3679 329 3771 leamus,
348 3688 382 3752 et
403 3681 578 3773 generatio
599 3681 664 3754 hec
685 3689 868 3778 operatua
890 3680 1010 3755 laudet
1030 3691 1065 3754 et
1079 3681 1169 3754 hanc
1187 3689 1247 3754 tue
1265 3681 1464 3755 memoriam
1481 3685 1586 3781 largi·

180 3803 276 3891 tatis;
295 3823 414 3898 preces
433 3815 566 3878 nostras
582 3805 630 3877 ita
650 3805 789 3900 ylariter
804 3813 839 3878 et
854 3805 1036 3880 efficaciter
1053 3806 1235 3880 auditurus
1252 3805 1349 3899 quod
1366 3807 1412 3878 ab
1429 3811 1584 3882 omnium

178 3928 338 4020 largitore
355 3929 525 4002 bonorum
540 3937 634 4001 tuam
651 3951 836 4023 agnoscere
849 3929 1125 4004 habundantiam
1142 3929 1386 4024 comproberis,
1403 3953 1447 4004 ne
1459 3933 1585 4007 frustra

178 4051 331 4124 videaris
343 4062 542 4148 preceptum
555 4053 765 4126 dominicum
779 4055 954 4127 habuisse.
970 4055 1056 4126 Nam
1074 4054 1121 4146 si,
1137 4051 1249 4152 [dum]
1263 4053 1401 4128 videres
1417 4077 1480 4129 nos
1493 4058 1583 4132 hanc

178 4179 417 4252 necessitatem
439 4179 584 4268 habere,
606 4180 706 4251 nobis
728 4189 846 4252 contra
870 4200 968 4275 spem
992 4188 1143 4252 nostram
1164 4190 1224 4252 tua
1247 4180 1380 4254 viscera
1402 4181 1581 4269 clauseris,

178 4305 313 4397 pietatis
334 4301 430 4398 quod
448 4303 539 4376 absit
561 4303 711 4375 videaris
731 4303 831 4376 nobis
853 4305 989 4378 aniene
1008 4304 1054 4378 de
1075 4313 1135 4376 tua
1155 4305 1336 4378 serenitate
1351 4303 1531 4394 fiduciam,
1554 4306 1583 4380 si

180 4429 270 4522 passi
288 4428 455 4502 iuer-imus
470 4429 507 4500 in
526 4437 596 4501 tam
611 4429 790 4501 favorabili
806 4451 911 4503 causa
928 4429 973 4502 de
990 4430 1048 4526 pia
1064 4429 1227 4525 petitione
1244 4432 1429 4528 repulsam.

223 4693 261 4775 (a)
283 4697 308 4756 A
322 4713 394 4758 voce
407 4695 546 4778 purime
558 4700 735 4760 sentantlam
747 4697 866 4758 crnnlno
878 4703 1046 4776 corruptam
1058 4697 1152 4760 codex
1165 4698 1296 4762 exhibet.
