4466 5914
527 549 589 614 626
1025 551 1240 614 Fulosalcl
1266 549 1441 613 sucuuol
1757 551 1837 630 [Asa.
1856 551 1943 614 1²26.

615 710 1095 792 (aureumaneuvmcse,
1111 719 1137 776 t.
1155 715 1238 790 xru,
1253 733 1285 792 p.
1301 712 1940 790 raas.-wmm,am.muo.
1998 697 2002 704 ’

652 825 677 881 t.
690 821 716 895 1,
730 837 761 898 p.
780 829 868 883 1³00.
881 853 923 864 -
936 819 1007 883 Cod.
1019 817 1167 900 diploorct
1183 819 1303 894 Lutto„
1319 827 1344 882 t.
1358 821 1388 892 1,
1402 835 1472 898 pars
1484 819 1512 892 l,
1526 833 1559 895 p.
1575 826 1625 879 ta.
1639 818 1760 882 Adsunt
1777 821 1839 882 dno
1851 821 1942 898 bolus

651 927 797 1007 prlvllegll
809 929 999 1006 exemplarla,
1012 944 1107 990 unum
1118 945 1187 990 cnm
1200 946 1290 990 annm
1302 927 1393 1002 bulla,
1408 927 1533 988 alterum
1545 941 1616 986 enm
1631 927 1728 1005 alglllo
1741 925 1847 1008 emec.)

577 1132 772 1206 innomine
795 1143 913 1206 sancte
934 1142 969 1206 et
993 1133 1175 1206 individue
1196 1133 1382 1206 Trinitatis.
1406 1130 1600 1204 Fridericus
1622 1129 1797 1204 secundus
1820 1129 1939 1206 divina

528 1257 666 1330 favento
678 1257 859 1331 clementia
874 1257 1104 1330 Romanorum
1125 1257 1323 1354 imperator,
1344 1278 1482 1353 sempor
1495 1264 1682 1351 augustus,
1700 1255 1888 1328 Jerusalem
1905 1265 1941 1329 et

528 1380 643 1452 Sicilie
658 1403 735 1454 rex.
750 1381 917 1466 Quotiens
933 1382 1119 1478 imperialis
1131 1383 1336 1458 excellentia
1349 1381 1538 1475 maiestatis
1553 1381 1589 1453 in
1603 1379 1762 1453 subditos
1774 1389 1809 1452 et
1821 1377 1940 1454 fideles

527 1527 610 1578 suos
624 1527 749 1579 manus
766 1527 830 1580 sue
848 1507 1061 1582 liberalitatis
1085 1507 1250 1582 extendet
1269 1516 1305 1580 et
1328 1528 1388 1581 eos
1412 1516 1577 1602 tanquam
1600 1505 1829 1578 benemeritos
1851 1527 1940 1578 oon-

527 1629 634 1726 digue
647 1631 883 1706 retributionis
896 1633 1096 1708 muneribus
1109 1641 1366 1730 recompensat,
1382 1632 1508 1706 totiens
1523 1651 1584 1704 eos
1596 1630 1633 1703 in
1647 1629 1838 1703 constantia
1856 1627 1938 1704 lidei

525 1779 611 1853 pure
630 1757 825 1832 corroborat
839 1768 874 1832 et
887 1768 958 1832 tum
972 1761 1126 1855 ipsomm
1149 1781 1255 1855 quam
1278 1759 1424 1832 aliorum
1444 1755 1600 1830 fidelium
1618 1755 1664 1829 ad
1679 1758 1756 1850 ejus
1772 1755 1938 1850 obsequia

524 1882 647 1954 lortius
665 1881 795 1974 obligat
813 1885 1020 1958 voluntates.
1038 1885 1252 1980 Quapropter
1272 1892 1392 1956 notum
1408 1881 1483 1954 lieri
1499 1883 1661 1956 volumus
1682 1879 1854 1953 universis
1871 1880 1937 1952 im·

523 2005 609 2100 perii
634 2004 813 2098 fidelibus,
837 2017 906 2080 tam
933 2008 1151 2104 presentibus
1178 2031 1284 2104 quam
1315 2007 1440 2081 futuris
1468 2006 1565 2102 quod
1591 2027 1655 2080 nos
1684 2005 1850 2078 habentes
1874 2025 1937 2101 pre

524 2131 634 2203 oculis
664 2130 769 2204 fidem
796 2155 919 2228 puram
941 2142 977 2206 et
1002 2133 1221 2207 devotionem
1243 2133 1412 2206 sinceram
1438 2153 1544 2228 quam
1568 2130 1720 2204 universi
1746 2130 1937 2222 burgenses

522 2255 750 2348 Lubiceusas,
772 2255 894 2330 fideles
910 2258 1035 2349 nostri,
1051 2279 1135 2352 erga
1148 2267 1299 2332 nostram
1315 2259 1443 2331 habero
1457 2255 1697 2330 celsitudinem
1719 2254 1937 2328 laudabiliter

524 2376 788 2472 dignoscuntur,
803 2380 1004 2476 diligentius
1021 2382 1125 2454 etiam
1140 2382 1360 2456 advertentes
1377 2383 1531 2478 preclara
1548 2379 1631 2454 satis
1653 2389 1689 2452 et
1708 2391 1847 2474 accepta
1866 2401 1935 2452 ser·

522 2501 606 2575 vitia
630 2523 700 2596 quo
721 2503 821 2576 nobis
837 2513 872 2577 et
889 2505 1034 2600 imperio
1049 2503 1196 2578 fideliter
1212 2525 1350 2601 semper
1370 2505 1539 2578 exhibere
1564 2511 1727 2576 curamnt
1749 2511 1785 2576 et
1806 2525 1875 2598 qus
1897 2504 1933 2574 in

520 2634 621 2700 antea
642 2637 801 2722 poterunt
815 2627 861 2700 de
878 2629 969 2702 bono
982 2629 1019 2700 in
1035 2629 1158 2700 melius
1173 2629 1356 2718 exhibere,
1375 2629 1529 2701 volentos
1547 2627 1640 2722 ipsos
1661 2635 1827 2722 wnquam
1846 2626 1935 2700 bane

520 2752 660 2824 meritos
673 2751 807 2826 liberali
826 2752 1059 2826 munificentia
1080 2753 1275 2849 prevenire,
1290 2753 1516 2826 oonoedimns
1532 2751 1674 2824 firmiter
1693 2759 1880 2823 statuentes
1895 2761 1936 2822 ut

521 2874 675 2971 predicta
692 2877 814 2950 civitas
832 2879 1032 2952 Lubioensis
1051 2879 1158 2952 libera
1175 2901 1310 2974 semper
1327 2879 1388 2968 sit,
1406 2877 1569 2952 videlicet
1587 2876 1745 2972 specialis
1759 2875 1881 2946 civitas
1900 2883 1935 2946 ot

519 3001 757 3098 locusimperii
767 3001 857 3076 etad
870 3003 1062 3076 dominium
1078 3003 1253 3098 imperiale
1267 3002 1460 3099 specialiter
1473 3002 1662 3098 pertinens,
1674 3001 1769 3072 nullo
1779 3019 1932 3094 unquam

520 3133 673 3222 tempore
696 3127 741 3199 ab
766 3127 841 3220 ipso
862 3127 1003 3222 speciali
1027 3127 1181 3201 dominio
1203 3127 1413 3224 separanda;
1429 3137 1616 3202 statuentes
1634 3126 1737 3199 etiam
1758 3135 1797 3197 ut
1814 3147 1933 3220 quan-

520 3249 718 3345 documque
738 3251 784 3324 ad
807 3250 961 3344 regimen
983 3250 1133 3324 civitatis
1157 3252 1314 3345 ejusdem
1337 3252 1464 3349 aliquis
1487 3261 1600 3325 rector
1623 3252 1669 3324 ab
1693 3250 1837 3346 imperio
1857 3259 1935 3322 sta-

518 3385 647 3468 tuetur,
662 3377 758 3448 nulla
779 3375 910 3450 adhoc
932 3377 1084 3450 officium
1107 3387 1276 3452 statuatur
1298 3401 1445 3475 persona
1466 3379 1532 3450 nisi
1552 3378 1656 3450 fuerit
1677 3377 1723 3451 de
1743 3375 1934 3448 convicinis

519 3501 604 3572 locis
628 3507 662 3571 et
684 3501 903 3574 conterminis
927 3501 1077 3576 civitatis
1101 3503 1229 3599 ipsius,
1255 3504 1303 3576 ita
1322 3504 1418 3600 quod
1439 3504 1615 3575 castellum
1639 3500 1735 3597 quod
1758 3503 1935 3574 Traveue-

519 3625 651 3698 munde
670 3624 797 3698 dicitnr
819 3627 1006 3700 abeodem
1026 3637 1157 3702 rectore
1179 3628 1334 3700 similiter
1351 3629 1575 3723 gubernetur.
1596 3627 1754 3698 Proterea
1773 3625 1934 3698 terminos

518 3750 669 3825 civitatis
696 3751 805 3848 ipsius
829 3751 895 3824 sub
924 3763 1040 3827 nostro
1063 3753 1153 3826 lelioi
1181 3763 1334 3849 tempore
1358 3752 1504 3826 dilatare
1518 3761 1553 3824 st
1570 3751 1736 3847 ampliare
1757 3751 1930 3841 volentes,

521 3879 745 3954 concedimus
760 3887 794 3953 et
810 3879 992 3972 adjicimus
1012 3879 1169 3952 terminis
1185 3879 1343 3973 ejusdem
1355 3887 1396 3950 ut
1411 3886 1524 3952 teneat
1546 3877 1623 3972 ipsa
1638 3875 1761 3950 civitas
1772 3873 1934 3948 ammodo

521 4004 637 4078 arivo
658 4002 853 4076 Padeluche
878 4025 989 4098 usque
1010 4002 1047 4074 in
1068 4005 1258 4077 Traveuam
1283 4010 1318 4076 et
1341 4023 1479 4074 sursum
1505 4021 1528 4072 a
1551 4000 1628 4074 rivo
1652 3999 1849 4072 Padeluche
1872 4020 1935 4072 se·

521 4129 676 4204 cundum
702 4128 865 4202 terminos
894 4127 943 4200 ibi
970 4127 1148 4202 distinctos
1177 4127 1349 4224 usquein
1379 4127 1495 4200 rivum
1520 4125 1807 4221 Crempelstorps,
1832 4133 1867 4196 et
1890 4123 1935 4196 ab

523 4253 646 4330 eodem
669 4255 746 4328 rivo
768 4253 1039 4349 Crsmpalstorpe
1062 4252 1242 4350 usquead
1263 4253 1401 4326 Sicoum
1419 4249 1597 4324 Alledium
1614 4249 1667 4348 (l)
1688 4259 1722 4324 et
1742 4249 1787 4322 ab
1813 4246 1936 4320 eodem

525 4401 637 4476 nsque
667 4379 703 4450 in
730 4381 935 4452 Travenam.
962 4377 1191 4454 concedimus
1221 4379 1324 4452 etiam
1353 4377 1586 4474 burgensibus
1614 4373 1820 4471 supradictis
1852 4381 1936 4443 uta

1691 4567 1936 4582 ...ι-...ιι---ιι-μ-

563 4685 601 4760 (4)
620 4684 779 4742 Garmanice
793 4689 883 4742 autem
897 4685 1003 4758 Dropen
1017 4683 1163 4741 Vorwsrkc.
