4330 5914
182 629 343 708 reuma]
635 625 832 688 ursroma
855 617 1150 688 urruouarrca
1542 613 1603 676 raa

184 764 263 846 rico
282 763 544 846 Romanomm
562 757 643 868 regi
662 759 767 867 quod
785 758 995 868 burgenses
1016 752 1075 836 sui
1100 753 1140 832 in
1163 749 1269 832 omui
1287 747 1374 858 jure
1397 756 1434 828 et
1452 746 1602 828 servitio

185 923 264 1008 quo
283 896 318 980 ei
336 895 387 978 ed
403 893 505 1002 regis
524 902 561 974 et
577 891 743 1000 episcopi
761 892 946 975 honorem
960 885 1117 996 obligati
1136 893 1262 986 eraut,
1284 880 1463 964 contrarii
1477 889 1603 962 essent

185 1041 223 1114 et
242 1028 424 1134 rebelles3
444 1027 606 1136 ideoque
623 1051 690 1108 rex
708 1025 857 1136 scriptis
879 1023 1040 1124 Fuldae‚
1061 1019 1127 1103 XV
1142 1017 1325 1100 kalendas
1344 1015 1516 1126 augusti,
1536 1014 1603 1094 iu-

185 1163 352 1247 dictioue
375 1160 446 1266 IX,
467 1160 517 1243 ad
544 1157 777 1242 Fridericum
808 1157 1029 1268 episcopum
1059 1151 1416 1236 Helberstadensem
1445 1147 1599 1252 litteris,

184 1297 315 1406 ipsum
347 1302 477 1376 monet
503 1300 546 1374 ut
572 1315 687 1401 super
713 1291 869 1402 querela
890 1290 965 1373 hac
987 1296 1192 1398 cognoscat
1217 1292 1254 1367 et
1271 1283 1376 1396 quod
1389 1281 1537 1392 justum
1555 1281 1604 1362 sit

186 1437 343 1513 statuat.
366 1427 521 1534 Scumn,
543 1426 690 1536 Oriqia.
717 1427 888 1536 Guclfic„
908 1433 939 1507 t.
961 1423 1028 1528 ΠΙ,
1050 1449 1089 1532 p.
1112 1421 1211 1528 685,
1231 1431 1277 1502 ex
1291 1417 1489 1528 diplomat.
1510 1415 1601 1498 Hil-

186 1564 299 1646 desb.
315 1559 421 1646 MSS.

240 2027 557 2138 Arobiepiseopus
576 2025 827 2132 Trevirensis,
848 2025 1056 2135 Spirensis,
1072 2023 1358 2108 Ratisbouensis
1371 2033 1409 2106 et
1421 2023 1606 2106 Basilien-
1682 2124 1711 2156 m
1799 2089 1806 2113 .

186 2162 241 2244 sis
259 2161 443 2272 episcopi,
465 2161 622 2244 abbates
639 2161 688 2242 de
707 2159 983 2272 Weissenburg
999 2172 1037 2244 et
1058 2162 1107 2244 dc
1132 2157 1315 2248 Murbacb
1337 2157 1603 2241 ministeriali-

186 2295 262 2378 bus
289 2295 467 2378 ecclesiae
490 2294 810 2378 Hildensemensis
836 2297 1023 2379 mandant
1040 2305 1084 2378 ut
1109 2295 1159 2378 ad
1186 2293 1413 2404 obsequium
1441 2293 1604 2377 Conradi

187 2429 511 2514 Hildensemensis
528 2429 636 2514 electi
654 2429 815 2514 libenter
833 2431 1033 2538 accedant3
1054 2429 1223 2540 alioquin
1247 2428 1296 2510 ad
1313 2427 1546 2538 colloquium
1565 2429 1605 2510 in

188 2559 285 2645 sesto
303 2562 431 2646 Sancti
449 2561 592 2676 AEgidii
611 2563 715 2673 apud
731 2561 929 2650 Francfort
946 2565 1131 2649 indictum
1149 2562 1316 2670 veniant,
1333 2561 1502 2674 justitiae
1514 2563 1605 2672 ple-

188 2695 402 2782 nitudinem
419 2697 620 2808 recepturi.

271 2909 375 2991 (Edld.
391 2913 520 2990 Senum
544 2913 656 2996 offoca
683 2913 814 2995 Germa,
834 2921 905 2976 tom.
924 2917 985 2991 ΙΙΙ,
1006 2933 1037 2994 p.
1059 2923 1138 2996 eet,
1157 2923 1190 2975 u·
1215 2923 1287 2988 188,
1307 2929 1345 2975 ex
1367 2913 1519 2992 diplomat.
1535 2914 1605 2974 llil·-

311 3021 396 3084 decb.
413 3021 513 3102 MSS)

240 3209 477 3283 Theodericus
506 3213 568 3284 Dei
601 3213 711 3308 gratia
739 3213 958 3286 Trevirorum
990 3211 1288 3308 archiepiscopus,
1313 3209 1351 3284 C.
1387 3209 1550 3285 Meteusis
1572 3221 1608 3284 et

192 3329 363 3428 Spirensis
387 3333 571 3430 episcopus
599 3337 786 3433 imperialis
811 3339 891 3410 aule
916 3335 1158 3428 cancellarius,
1188 3390 1262 3410 ...
1291 3335 1550 3410 Ratisboueusis
1574 3347 1609 3410 et

194 3514 268 3531 ...
296 3461 494 3534 basiliensis
519 3461 690 3560 episcopi,
719 3519 728 3536 .
752 3518 761 3537 .
785 3518 794 3536 .
823 3464 867 3538 de
890 3463 1106 3556 Wiceuburg
1125 3470 1159 3534 et
1182 3517 1191 3533 .
1215 3516 1225 3533 .
1248 3515 1257 3534 .
1284 3461 1330 3536 de
1349 3463 1516 3536 Murbacb
1541 3463 1608 3535 ab·

190 3583 309 3676 batos,
327 3586 501 3660 universis
522 3587 665 3662 ecclesie
682 3587 976 3663 Hildensemensis
989 3586 1272 3660 ministerialibus
1289 3588 1435 3661 salutem
1456 3597 1491 3662 et
1506 3611 1608 3662 omne

190 3707 337 3782 bonum.
360 3708 515 3784 Accessit
538 3709 586 3784 ad
611 3713 818 3808 presentiam
846 3722 997 3788 nostram
1013 3711 1249 3786 Wicenburch
1272 3711 1418 3786 dilectus
1441 3723 1609 3788 uastaret

190 3830 404 3906 honorabilis
429 3835 485 3908 vir
511 3838 674 3934 magister
698 3837 754 3932 (1.,
777 3839 976 3936 capellanus
996 3837 1129 3912 domini
1157 3860 1247 3936 pape
1268 3847 1303 3911 et
1323 3839 1603 3934 penitentiarius,

192 3957 488 4032 Hildensemensis
510 3963 653 4058 electus,
678 3963 881 4060 supplicans
898 3963 1000 4037 uobis
1021 3971 1061 4036 ut
1087 3986 1149 4062 per
1172 3963 1354 4038 consilium
1379 3973 1414 4038 et
1435 3964 1606 4040 auxilium

194 4265 300 4325 »tiano
320 4274 412 4327 nosue
433 4269 558 4328 salutem.
581 4271 741 4331 Audivimus
766 4273 839 4347 quod
860 4273 1022 4333 venerabilis
1045 4273 1128 4332 nater
1151 4279 1276 4333 noster...
1300 4275 1428 4333 lieteneis
1449 4275 1605 4351 episcopus,

194 4381 207 4416 a
221 4363 367 4438 imperialis
377 4367 438 4426 aule
448 4369 636 4442 cancellarius,
653 4370 811 4430 factionem
824 4372 889 4430 tibia
902 4372 1036 4446 patiatur;
1052 4377 1165 4448 pmpter
1176 4372 1248 4447 quod
1263 4371 1306 4430 sui
1318 4371 1374 4432 voti
1385 4373 1508 4432 executio
1521 4374 1606 4450 impe·

194 4479 208 4514 a
223 4461 306 4520 ditrrr.
316 4464 447 4534 Quocirca
457 4467 612 4526 discretioni
630 4475 677 4528 tue
689 4487 739 4546 per
753 4471 897 4546 apostolica
908 4470 1009 4545 scripta
1019 4471 1178 4528 mandamus
1189 4476 1323 4546 quatenus
1333 4471 1447 4530 variata
1457 4488 1540 4548 super
1556 4473 1609 4533 boc

195 4559 377 4634 »diligentius
392 4563 532 4638 inquisita,
548 4567 571 4624 si
585 4583 643 4625 rem
656 4567 790 4626 inveneris
806 4569 843 4626 ita
856 4585 933 4640 esse,
953 4569 1108 4627 dilationem
1127 4569 1178 4628 sibi
1200 4569 1235 4628 ad
1256 4569 1300 4627 sui
1323 4571 1378 4628 voti
1394 4573 1608 4646 prosecutionem

196 4673 210 4706 ι
226 4671 312 4730 mqrre
324 4658 359 4714 ad
372 4659 444 4717 aliud
457 4663 610 4738 passagium
623 4666 781 4724 auctoritate
794 4673 886 4724 nostra
898 4667 1040 4724 concedas.
1057 4669 1154 4724 Datum
1169 4667 1307 4740 mamm,
1322 4667 1417 4743 qrriuto
1435 4685 1520 4729 nouae
1531 4671 1606 4746 julii,

197 4773 210 4806 s
224 4755 394 4828 pontificatus
407 4763 490 4819 noem
503 4779 573 4822 anuo
587 4764 682 4838 quinto
697 4766 723 4839 (3
734 4765 792 4838 julii
807 4765 923 4838 tima
