4326 5910
200 587 300 651 lrntcr.
319 583 380 669 12]
650 581 848 646 ttlsrotttlt
871 583 1164 647 presentantes
1558 583 1617 646 '18¹1

201 725 434 798 Romanorum
449 740 513 794 rex
530 727 565 792 et
578 739 716 817 semper
731 731 913 818 angustus.
931 722 1084 817 Dignum
1102 731 1155 796 est
1170 731 1205 798 et
1219 721 1403 796 honestum
1420 730 1461 794 ut
1477 721 1615 796 anobis

202 847 372 922 beneficia
393 844 586 943 percipiant
607 844 803 920 desiderata
817 847 931 943 quiin
948 848 1126 922 nostriset
1143 847 1402 944 progenitorum
1419 854 1615 921 nostrornm

203 974 354 1049 servitiis
367 971 489 1046 lideles
505 980 540 1046 et
559 971 677 1046 devoti
694 993 830 1070 semper
843 981 925 1046 snnt
941 973 1087 1046 inventi.
1105 973 1321 1070 Quapropter
1331 981 1452 1048 notum
1468 973 1616 1047 iacimus

203 1098 378 1171 universis
391 1096 527 1192 imperii
543 1094 705 1170 fidelibus
723 1105 794 1169 tam
815 1097 1030 1192 presentibus
1046 1117 1153 1191 quum
1169 1097 1295 1171 tuturis
1307 1096 1404 1192 qnod
1422 1119 1486 1171 nos
1502 1107 1619 1171 atten-

205 1222 329 1297 dentes
351 1221 556 1295 multimoda
573 1229 608 1296 et
624 1221 778 1318 preclara
798 1220 964 1316 obsequia
985 1219 1140 1295 fidelium
1161 1229 1357 1296 nostrornm
1376 1221 1618 1298 universomm

205 1347 388 1420 hominum
403 1346 449 1422 de
466 1345 643 1442 Wimpina
655 1347 825 1441 majorum
838 1355 874 1420 et
886 1347 1073 1437 minorum,
1091 1367 1162 1444 qne
1175 1347 1277 1422 nobis
1291 1355 1327 1422 et
1344 1347 1620 1444 progenitoribus

206 1473 331 1546 nostris
350 1472 520 1548 hactenus
547 1473 718 1548 ferventer
738 1472 974 1548 exhibuerunt
995 1483 1030 1548 et
1055 1474 1093 1548 in
1118 1482 1293 1571 posterum
1310 1483 1393 1548 sunt
1408 1471 1632 1565 exhibitum.

207 1595 253 1670 de
268 1606 385 1671 nostra
402 1605 436 1670 et
455 1597 588 1672 domini
603 1598 817 1694 imperatorio
833 1598 940 1694 patris
957 1599 1063 1674 nostri
1079 1599 1189 1694 gratia
1210 1599 1336 1674 damus
1352 1599 1437 1695 ipsis
1455 1599 1621 1674 forastum

208 1730 364 1795 nostrum
386 1721 483 1816 apud
505 1720 727 1818 Wollenberg
751 1722 788 1794 in
814 1722 1056 1819 proprietatem
1075 1733 1110 1798 et
1130 1725 1209 1818 juro
1231 1724 1290 1796 illo
1311 1723 1407 1818 quod
1433 1723 1623 1818 vulgariter

210 1843 339 1920 dieitur
357 1843 560 1940 Algemeine
575 1846 629 1943 (l)
652 1853 819 1942 perpetuo
842 1846 1093 1943 possidendum
1116 1857 1152 1921 et
1176 1847 1364 1922 tenendum
1388 1846 1435 1921 ad
1458 1867 1621 1921 eommu-

209 1991 291 2044 nem
320 1970 474 2067 ipsomm
498 1969 695 2045 utilitatem.
729 1972 918 2046 Statuimus
947 1993 1030 2067 ergo
1058 1981 1094 2046 et
1116 1973 1183 2045 snb
1210 1971 1488 2046 interminatione
1514 1971 1624 2066 gratie

212 2103 328 2168 nostre
355 2094 511 2169 districte
529 2095 741 2194 precipimus
763 2098 918 2171 utnulla
939 2118 1096 2194 unquam
1115 2117 1262 2194 persona
1280 2095 1423 2170 humilis
1447 2096 1505 2170 vel
1529 2097 1619 2189 alta,

209 2219 440 2294 ecclesiastiea
462 2221 538 2295 aive
564 2221 748 2314 secularis,
775 2221 949 2318 predictos
974 2222 1069 2296 cives
1092 2221 1138 2295 de
1157 2221 1333 2325 Wimpina
1353 2219 1473 2296 fideles
1492 2229 1626 2296 nostros

214 2365 320 2439 super
348 2345 472 2420 eodem
496 2345 623 2420 foresto
647 2345 828 2420 molestare
851 2347 979 2421 audeat
995 2349 1052 2423 vel
1074 2346 1255 2446 impedire.
1281 2347 1384 2435 Quod
1404 2347 1466 2444 qui
1490 2345 1622 2440 iecerit,

213 2469 488 2565 indignationem
510 2480 545 2546 et
567 2472 654 2545 iram
670 2471 778 2546 nostri
797 2472 959 2548 culminis
982 2496 1021 2547 se
1041 2473 1127 2548 sciat
1146 2473 1297 2570 gravitm
1313 2473 1545 2547 incursnmm.
1572 2469 1628 2546 Ad

212 2595 318 2692 hujus
330 2618 414 2690 ergo
428 2597 624 2672 donationis
640 2608 755 2673 nostre
767 2597 872 2674 robur
887 2609 1107 2700 perpetuum,
1118 2608 1310 2696 presentem
1323 2599 1488 2698 paginam
1499 2595 1629 2672 exinde

214 2723 442 2819 oonsoriptam
458 2721 564 2819 sigilli
580 2723 688 2798 nostri
704 2733 876 2800 caractere
885 2725 1054 2820 jussimus
1071 2724 1242 2820 insigniri.

260 2847 379 2920 Testes
395 2847 502 2942 hujus
517 2857 599 2921 sunt
617 2849 832 2925 venerabiles
851 2851 1076 2946 llognntinus
1089 2857 1124 2924 et
1137 2847 1348 2923 Coloniensis
1363 2847 1626 2946 archiepiscopi,

219 2969 398 3045 Cunradus
422 2974 585 3049 Metennio
605 2985 640 3049 et
665 2975 834 3073 Spirensis
858 2975 1042 3074 episeopus
1061 2973 1248 3072 imperialis
1279 2974 1359 3047 aule
1388 2973 1627 3068 cancellarius,

215 3095 421 3192 liudolphus
439 3097 614 3194 palatinus
634 3121 748 3174 comes
767 3099 812 3175 de
832 3101 1042 3196 aningen,
1061 3121 1176 3174 eomes
1193 3097 1399 3172 Wilhelmus
1420 3095 1466 3172 de
1479 3097 1629 3171 anin-

214 3241 297 3314 gen,
315 3221 506 3296 Dietericus
519 3223 674 3298 mar'ohio
687 3224 733 3299 de
746 3225 965 3324 Holrenberg,
983 3225 1181 3300 Gerhardus
1197 3246 1313 3298 comes
1326 3221 1372 3300 de
1384 3224 1493 3318 Dietz,
1514 3245 1630 3300 nomes

215 3345 334 3442 Boppo
359 3345 405 3420 de
426 3349 672 3445 Hennenberg,
698 3373 813 3426 nomes
831 3353 1061 3426 Hartmannns
1078 3349 1124 3428 do
1136 3349 1372 3446 Wirtenberg,
1389 3369 1504 3424 mmes
1523 3349 1630 3423 llart-

215 3489 365 3544 mannns
386 3471 432 3544 de
454 3473 648 3568 llillingen,
667 3473 878 3552 Wemherus
902 3477 1036 3575 dapifer
1059 3477 1104 3552 de
1124 3475 1324 3570 Bollandia,
1343 3473 1565 3550 Wolfframus
1585 3473 1631 3550 de

216 3593 348 3690 Lapide
365 3597 473 3671 etalii
490 3601 724 3698 quamplures.

264 3717 390 3792 Actum
413 3721 510 3818 apud
536 3723 781 3822 Wormatiam,
810 3751 903 3803 anno
926 3729 972 3803 ab
997 3729 1230 3805 incarnatione
1252 3726 1390 3803 Domini
1416 3725 1630 3822 MCCXXlll,

218 3841 357 3918 viteus
368 3848 534 3941 januarii,
556 3849 746 3927 indictione
761 3853 837 3926 ΧΠ.

256 4199 294 4276 (t)
312 4202 467 4279 ltespondet
480 4206 563 4270 latino
575 4227 724 4288 marnoa,
735 4213 919 4278 scilcetloous
928 4221 1078 4280 eommunia
1091 4237 1157 4281 neus
1168 4227 1196 4281 at
1205 4221 1285 4297 juris.
1299 4219 1340 4280 cl.
1350 4219 1480 4281 Gomon
1492 4219 1631 4293 liuram,

220 4297 337 4362 douo.
352 4304 491 4380 German,
505 4308 558 4368 snb
569 4325 647 4370 roca.
