4466 5914
257 598 354 662 lucrer.
373 599 433 678 lh]
704 592 899 658 HISTORIA
923 588 1215 656 uteneuarlcu

923 861 995 934 111.

339 1039 432 1122 (Edit.
447 1037 567 1116 mem,
582 1049 616 1101 n⁰
627 1039 720 1114 XLV,
735 1057 766 1118 p.
783 1043 848 1115 et.)

307 1225 501 1300 Fridericus
518 1225 581 1300 Dei
600 1225 710 1320 gmtia
727 1226 957 1300 Romanorum
975 1223 1171 1320 imperator,
1191 1241 1328 1316 semper
1346 1227 1527 1314 augustus,
1546 1217 1670 1292 thern-

259 1351 366 1425 salem
385 1361 420 1426 et
437 1351 553 1424 Sicilie
574 1373 656 1442 rex,
683 1349 816 1424 Bodoni
839 1349 886 1423 de
908 1346 1104 1422 homborch
1128 1345 1223 1420 fideli
1248 1366 1313 1418 suo
1340 1344 1485 1438 gratiam
1513 1364 1613 1416 suam
1635 1352 1670 1416 et

261 1497 364 1548 omne
379 1476 524 1550 bonnm.
549 1475 635 1549 Cum
655 1483 795 1572 prepter
810 1495 952 1569 guerras
975 1493 1046 1569 que
1062 1479 1244 1546 vertuntur
1260 1470 1349 1544 inter
1368 1478 1403 1544 te
1418 1491 1465 1542 ex
1482 1476 1578 1564 parte
1599 1490 1670 1542 una
1728 1540 1730 1546 ,
1809 1525 1812 1530 .

263 1611 298 1676 et
319 1602 477 1674 comitem
493 1600 707 1674 Bernardnm
723 1599 769 1673 de
786 1597 1042 1696 Speigelherge,
1060 1595 1255 1672 conradum
1274 1593 1320 1667 de
1339 1591 1498 1687 Altalago
1516 1601 1551 1666 et
1566 1591 1671 1666 Gise-

261 1727 372 1800 lerum
391 1726 437 1800 de
451 1726 590 1800 Ethsem
605 1747 652 1798 ex
667 1726 791 1816 altera,
807 1725 917 1798 multe
935 1721 1166 1814 incommoda,
1184 1731 1251 1794 eto.
1268 1719 1441 1814 [Sequitur
1457 1728 1495 1790 ut
1514 1717 1551 1790 in
1564 1739 1671 1813 prce-

261 1851 391 1924 cedente
408 1850 448 1924 de
464 1851 559 1924 umbo
575 1849 621 1923 ud
637 1851 788 1944 cubum,
807 1872 884 1922 cum
902 1849 985 1921 noth
1001 1845 1231 1940 chronolcpa'cis
1247 1839 1401 1940 etatem]

316 2417 548 2524 Fridericus,
564 2417 823 2502 Romanorum
838 2416 1058 2526 imperator,
1074 2415 1269 2500 Boniiacie
1282 2416 1330 2501 de
1343 2416 1576 2529 Languillia,
1592 2419 1671 2504 filie
1700 2445 1865 2543 suppum

264 2551 457 2660 quondam
477 2550 648 2632 Anselmi
666 2549 715 2634 de
733 2549 1010 2662 Quadraginta,
1026 2551 1308 2635 concessionem
1326 2553 1573 2660 quamdama
1590 2553 1672 2636 Fri·
1729 2553 1838 2663 iffi·

265 2684 389 2768 derieo
408 2685 424 2768 Ι
442 2685 565 2768 eidem
584 2683 766 2768 Anselmo
783 2682 943 2790 iactam,
967 2685 1007 2765 in
1035 2685 1198 2795 gratiam
1223 2684 1446 2768 meritorum
1474 2685 1556 2798 ejus
1578 2713 1670 2800 erga

264 2817 498 2926 praedictum
513 2817 779 2928 imperatorem
794 2827 832 2901 et
846 2817 1051 2902 henricum
1068 2827 1215 2928 patrem
1233 2843 1367 2925 suum,
1388 2819 1600 2903 confirmat.

346 3033 515 3114 (Memorat.
528 3051 579 3112 ap.
593 3034 802 3114 hlomortnurr,
812 3033 942 3094 Momm.
954 3031 1094 3114 Apum,
1103 3040 1128 3096 t.
1139 3035 1181 3114 11,
1194 3050 1225 3113 p.
1241 3042 1311 3108 ttt,
1322 3051 1361 3096 ex
1370 3035 1450 3097 Aue.
1463 3053 1502 3097 un
1513 3037 1671 3120 mansu,

383 3141 509 3204 occsa.
524 3141 616 3202 Piem.
631 3141 732 3214 MSS..
746 3141 807 3203 rol.
823 3145 853 3218 l,
869 3159 935 3221 cap.
950 3143 1059 3218 XXV.)

314 3329 428 3402 Testes
449 3338 532 3402 sunt
551 3329 720 3403 Geroldus
743 3327 791 3428 (a)
810 3328 1003 3425 patriarcha
1026 3327 1258 3421 Hierusalem,
1278 3326 1439 3403 hibertus
1464 3332 1672 3426 Magdehur·

267 3455 380 3550 gensis
397 3454 693 3550 archiepiscopus,
714 3444 883 3528 henricus
905 3453 1190 3547 Mediolanensis,
1210 3454 1351 3529 Laudas
1370 3455 1523 3550 Reginus
1540 3459 1672 3532 archie-

266 3580 411 3676 piscopi,
426 3581 468 3652 ll.
484 3579 756 3672 Wormatiensis,
774 3577 952 3652 Corradus
967 3579 1205 3652 lldesemensis
1219 3577 1279 3676 (h),
1296 3579 1534 3654 Mainardinus
1553 3585 1676 3675 [1]ωο-

266 3701 370 3795 linus,
386 3703 560 3776 Iohannes
571 3702 738 3796 Asmnsis,
750 3703 899 3777 lacobus
908 3700 952 3798 (c)
962 3703 1195 3796 Taurineneis,
1209 3703 1357 3776 Thomas
1371 3725 1487 3779 cemes
1502 3709 1677 3784 Sebaudie

266 3828 369 3902 totius
386 3828 483 3902 ltalia
503 3828 638 3921 legatus
663 3837 699 3901 et
719 3828 873 3902 marchio
893 3829 1070 3920 ejusdem,
1088 3827 1276 3901 lleinaldus
1297 3828 1372 3902 dux
1389 3831 1537 3926 Spoleti,
1561 3833 1677 3906 Ricar-

266 3953 335 4028 dus
355 3952 407 4050 (d)
427 3953 674 4040 marescalcus,
699 3953 914 4028 marchiones
940 3953 986 4027 de
1008 3953 1116 4047 Cava,
1140 3952 1272 4027 domini
1294 3953 1340 4028 de
1364 3953 1541 4050 Gorzegno
1563 3957 1676 4030 etalii

264 4077 499 4174 quamplures.

316 4201 402 4276 Aeta
418 4213 501 4276 sunt
516 4202 581 4276 hec
594 4201 691 4300 apud
711 4201 863 4298 burgum
881 4201 997 4278 Sancti
1014 4200 1176 4295 Donnini,
1195 4201 1385 4298 imperante
1402 4200 1543 4276 domino
1561 4211 1678 4279 nostm

308 4407 346 4490 (a)
364 4409 399 4470 ln
412 4412 554 4488 impresso
568 4405 727 4482 eandm,
739 4407 829 4468 mule.

308 4512 347 4594 (l)
368 4515 403 4575 ln
416 4517 557 4593 impresso
568 4511 748 4590 lunense,
762 4513 850 4575 male.

311 4619 347 4701 (c)
369 4623 404 4684 ln
416 4623 559 4700 impresso
569 4619 725 4693 tuam,
741 4620 829 4682 mals.

309 4725 347 4806 (d)
366 4729 402 4789 ln
414 4729 557 4806 impresso
569 4724 709 4789 tiroaldus
712 4771 723 4804 ,
743 4728 843 4788 miuus
856 4731 941 4786 recte.
