4330 5914
170 621 272 682 lnnrcr.
287 618 331 702 9.]
621 615 820 678 HISTORIA
844 613 1135 677 DlPLOMATlCA.
1528 617 1586 677 '127

169 777 274 851 super
297 755 364 828 boc
392 752 589 826 transmisse
618 754 844 826 testabantur.
863 753 932 826 Nos
956 752 1061 846 igitur
1085 751 1286 824 dilectorum
1307 750 1503 846 principum
1522 754 1584 848 qui

170 880 262 952 circa
281 899 345 952 nos
363 887 460 952 erant
481 885 516 950 et
538 897 658 951 eorum
678 878 739 972 qui
765 877 922 950 similiter
932 877 1004 968 ¹boc
1026 875 1128 948 nobis
1149 874 1296 948 scribare
1317 885 1528 947 curaverunt
1551 887 1586 950 et

170 1005 316 1077 aliorum
342 1002 498 1076 fidelium
520 1013 716 1076 nostrorum
739 1003 882 1076 consilia
910 1002 1036 1094 secuti,
1056 1001 1145 1074 sicut
1172 999 1218 1074 de
1238 1003 1316 1093 jure
1343 999 1530 1073 debuimus
1551 1011 1586 1074 et

170 1129 341 1204 sententia
362 1128 408 1202 de
425 1127 491 1200 boc
506 1127 643 1221 quesita
662 1127 831 1219 dictabat,
860 1127 1003 1222 predicti
1028 1125 1167 1220 capituli
1193 1146 1328 1198 necnon
1350 1134 1385 1196 et
1406 1126 1506 1198 electi
1531 1127 1586 1198 sui

166 1256 280 1348 justas
296 1273 417 1349 preces
436 1252 583 1325 libenter
603 1251 824 1340 admisimus,
842 1251 1005 1325 eumdem
1027 1252 1174 1323 electum
1191 1259 1261 1322 tam
1288 1249 1496 1322 serenissimi
1519 1273 1585 1348 pa-

169 1378 232 1450 tris
254 1377 361 1450 nostri
381 1375 595 1472 imperatoris
616 1397 722 1470 quam
744 1384 863 1448 nostra
887 1375 1091 1448 auctoritate
1114 1373 1159 1448 de
1176 1375 1350 1469 regalibus
1368 1375 1587 1470 episcopatus

170 1501 478 1576 Hildesbeimensis
496 1510 531 1573 et
548 1500 642 1573 omni
660 1499 791 1574 honore
809 1521 913 1594 quem
930 1499 985 1570 sui
1003 1509 1234 1572 antecessores
1252 1497 1297 1573 de
1320 1499 1465 1595 imperio
1484 1510 1586 1573 tene-

170 1628 255 1700 bant
280 1627 414 1699 ratione
442 1625 659 1720 episcopatus
678 1624 836 1716 ejusdem
860 1625 1057 1698 vestientes.
1087 1627 1216 1698 Verum
1240 1625 1324 1720 quia
1347 1625 1586 1700 ministeriales

169 1749 329 1842 ejusdem
356 1750 500 1823 ecclesie
532 1751 568 1822 in
597 1749 764 1822 electione
791 1749 1032 1846 episcoporum
1061 1749 1412 1823 Hildeshaimonsium
1435 1751 1493 1842 jus
1519 1752 1587 1824 sibi

171 1876 310 1962 dicunt,
332 1883 367 1948 et
379 1874 475 1970 quod
495 1896 575 1946 eum
595 1895 664 1945 non
680 1874 847 1968 elegerint
863 1896 942 1946 cum
960 1875 1124 1970 capitulo,
1144 1873 1261 1948 adbuc
1278 1875 1310 1948 ei
1325 1875 1582 1970 contradicunt,

171 1999 261 2072 sicut
282 2019 402 2072 eorum
421 1999 535 2070 nuntii
556 1998 767 2093 quibusdam
786 2021 833 2072 ex
856 2000 1071 2096 principibus
1090 2000 1298 2093 retulerunt,
1317 2001 1530 2074 nobilitatem
1551 2012 1586 2075 et

171 2123 384 2196 honestatem
407 2133 503 2196 tuam
521 2122 566 2196 de
587 2146 658 2218 qua
678 2126 825 2196 multum
850 2125 1085 2221 presumimus
1107 2147 1270 2222 rogamus
1296 2135 1335 2196 ut
1360 2135 1474 2200 nostre
1495 2147 1586 2200 sere·

172 2248 290 2322 nitatis
313 2248 441 2320 intuitu
457 2233 632 2345 predictos
648 2249 890 2324 ministeriales
906 2251 952 2324 ad
969 2259 1003 2323 ta
1020 2250 1139 2324 venire
1157 2250 1276 2342 iacias,
1296 2271 1425 2346 eosque
1448 2273 1536 2346 quoe
1553 2261 1588 2324 et

172 2373 233 2446 ubi
255 2373 373 2446 visum
398 2373 502 2446 suerit
524 2393 670 2447 evocare
692 2383 728 2446 et
751 2374 845 2470 ipsos
869 2374 917 2448 ad
940 2374 1160 2448 devotionem
1187 2385 1222 2448 et
1238 2397 1360 2471 pacem
1377 2386 1414 2448 et
1440 2375 1586 2470 gratiam

173 2499 305 2573 domini
326 2499 382 2572 sui
407 2499 505 2572 electi
534 2497 649 2574 modis
666 2499 795 2594 quibus
815 2499 884 2572 scis
896 2509 930 2573 et
948 2511 1063 2596 potes,
1081 2509 1121 2572 ut
1136 2498 1305 2596 expedire
1321 2499 1464 2592 videris,
1481 2500 1587 2574 indu·

173 2645 251 2698 cere
268 2625 409 2698 studeas
425 2625 621 2720 diligenter.
642 2624 746 2709 Quod
761 2623 854 2698 enim
876 2624 1056 2720 episcopos
1077 2647 1159 2698 suos
1181 2625 1309 2719 eligere
1324 2624 1451 2698 debere
1471 2647 1509 2698 se
1532 2647 1587 2698 as-

173 2759 293 2823 serunt
306 2758 340 2823 et
359 2749 439 2824 ideo
454 2749 537 2844 quia
551 2748 618 2822 boc
631 2749 760 2822 factum
782 2769 852 2821 non
871 2757 939 2840 est,
956 2747 1115 2822 difficiles
1131 2749 1163 2821 ei
1179 2769 1217 2822 so
1231 2749 1384 2822 reddunt
1396 2759 1431 2822 at
1446 2771 1584 2844 graves,

173 2876 403 2970 incongruum
426 2874 604 2967 judicatur
626 2883 661 2948 et
684 2875 846 2948 omnibus
871 2875 1102 2970 principibus,
1128 2875 1304 2948 nobilibus
1323 2882 1358 2946 et
1380 2874 1586 2948 ministeria-

172 3001 265 3072 libus
285 2977 533 3073 inconvenions
553 2999 694 3073 videtur
713 3009 748 3072 et
772 2997 985 3092 inauditum,
1011 2999 1102 3072 sicut
1125 3020 1243 3073 eorum
1270 2997 1401 3072 nuntiis
1422 3021 1444 3071 a
1469 3001 1586 3074 multis

174 3125 337 3200 novimus
350 3147 567 3222 responsum.
583 3125 822 3199 Gratissimum
840 3125 947 3216 igitur
962 3125 1170 3198 babebimus
1189 3125 1218 3198 si
1232 3125 1356 3199 vestris
1374 3125 1410 3197 in
1427 3125 1494 3199 boc
1514 3149 1588 3200 mo·

173 3249 363 3324 nitionibus
387 3251 624 3348 acquieverint
641 3261 676 3325 et
694 3251 880 3325 mandatis.
899 3250 1061 3349 Alioquin
1080 3252 1190 3325 sciant
1207 3273 1271 3348 pro
1290 3259 1382 3325 certo
1397 3251 1493 3347 quod
1511 3273 1588 3350 pre-

175 3377 244 3448 fato
271 3375 380 3450 electo
403 3376 439 3448 in
458 3377 591 3470 justitia
609 3377 794 3451 ethonore
813 3399 877 3450 suo
901 3377 1014 3450 modis
1031 3377 1161 3473 quibus
1182 3399 1368 3474 possumus
1384 3377 1507 3451 adesse
1526 3399 1588 3451 vo-

174 3501 291 3574 lumus
308 3513 343 3574 st
358 3499 536 3598 prodesse.
550 3503 601 3576 De
617 3503 771 3599 ipsorum
786 3503 894 3598 igitur
908 3525 1074 3600 responso
1088 3525 1150 3600 per
1165 3512 1243 3576 tuas
1260 3525 1324 3578 nos
1339 3503 1468 3577 litteras
1483 3503 1589 3577 iacias

176 3625 336 3699 certiores
353 3635 393 3699 ut
410 3627 561 3700 sciamus
584 3625 671 3723 quid
691 3648 754 3724 pro
769 3627 871 3700 nobis
888 3637 923 3700 et
945 3627 1079 3723 imperii
1101 3626 1266 3701 mandato
1288 3635 1322 3702 et
1344 3637 1403 3700 tua
1426 3627 1588 3703 exhorta·

176 3751 269 3824 tione
285 3751 408 3826 lecturi
425 3751 495 3825 sint
510 3761 545 3826 et
559 3752 762 3849 quidnobis
776 3773 881 3850 super
896 3751 952 3826 his
966 3753 1293 3827 lueritlaciendum.
1587 3753 1592 3764 '

178 4060 291 4134 mensis,
304 4077 357 4136 qua
375 4061 416 4120 eis
433 4061 543 4120 mandat
561 4079 596 4120 ne
617 4061 645 4118 in
667 4061 798 4121 electione
814 4061 944 4137 praesulis
962 4061 1132 4138 aliquomodo
1144 4079 1175 4121 ss
1188 4063 1309 4137 ingerere
1324 4066 1499 4138 praesumant
1512 4079 1519 4117 :
1533 4061 1588 4120 dat.

179 4159 411 4234 meramnum
422 4161 584 4236 septembris
596 4161 622 4238 (9
637 4162 792 4238 septemb),
806 4179 878 4222 anno
892 4169 969 4222 sexto
979 4163 1031 4240 (ap.
1043 4165 1159 4237 sonum
1175 4161 1291 4234 ibidem,
1306 4158 1343 4219 n¹¹
1354 4159 1507 4232 tae-tat).

751 4537 1009 4548 nam-—
