4326 5910
557 601 619 664 aas
1082 603 1255 664 usunrct
1280 603 1452 667 snurrtrr
1784 601 1865 690 [nn.
1884 603 1970 666 raas

680 737 780 800 tr’rtor.
796 738 917 818 episcop.
936 737 1053 812 Bumb,
1071 747 1141 814 1⁴7,
1156 755 1240 800 uum.
1266 747 1333 802 too.
1353 769 1395 786 -
1410 737 1471 817 Ap.
1487 735 1622 799 Monam.
1645 737 1739 812 Boia,
1754 744 1828 800 tom.
1852 739 1971 812 xxxi,

680 861 750 923 pers
760 846 797 924 1¹,
806 863 836 922 p.
849 854 919 920 519,
930 845 1022 906 eltbr.
1031 861 1097 924 cop.
1108 845 1360 910 SuetonNorimb.
1373 845 1591 908 ssc.xv.-1n
1599 845 1970 918 Hnnsmuanndtcrccr'ar.

683 949 770 1016 dut.
782 949 918 1028 Hodcal„
933 955 960 1028 1,
977 963 1045 1028 393,
1061 971 1094 1014 m
1107 953 1306 1018 xvim-tn
1318 949 1628 1030 salamantinae
1639 969 1704 1034 cup.
1715 971 1755 1014 zu
1768 947 1894 1032 Amat,
1909 957 1970 1026 es.)

609 1123 648 1194 ln
664 1122 805 1196 nomine
823 1131 940 1196 sancte
956 1131 991 1196 et
1004 1121 1187 1196 individue
1205 1123 1391 1197 Trinitatis.
1408 1123 1590 1196 llainricus
1603 1123 1771 1220 septimus
1787 1122 1849 1195 Dei
1864 1123 1972 1216 gratia

560 1249 792 1320 Romanorum
810 1269 873 1320 rex
892 1256 927 1319 et
950 1269 1086 1344 semper
1103 1259 1285 1343 augustus.
1306 1249 1342 1321 Si
1358 1249 1445 1322 viris
1468 1247 1639 1343 religiosis
1661 1247 1789 1321 luroris
1805 1255 1840 1319 et
1859 1246 1972 1317 muni-

561 1371 698 1446 ficentie
714 1372 858 1464 gratiam
875 1371 1166 1468 impenderimus,
1186 1373 1427 1468 temporalium
1444 1381 1479 1446 et
1502 1381 1699 1446 eternorum
1723 1373 1892 1446 bonorum
1917 1393 1972 1444 re-

561 1497 782 1570 tributionem
809 1496 1046 1572 indubitanter
1072 1507 1317 1572 consecuturos
1340 1521 1404 1574 nos
1436 1521 1512 1574 esse
1540 1519 1731 1595 speramns.
1758 1498 1973 1593 Quapropter

562 1634 683 1698 notum
701 1625 746 1697 sit
763 1625 923 1698 omnibus
940 1623 1064 1698 Christi
1081 1623 1242 1698 fidelibus
1260 1634 1329 1698 tam
1345 1625 1564 1722 presentibus
1573 1645 1679 1720 quam
1694 1623 1817 1696 lntnris
1827 1621 1973 1716 qualiter

560 1749 805 1822 monasterium
836 1749 1014 1820 Scotorum
1041 1757 1075 1820 et
1104 1747 1395 1844 Hyberniensium
1422 1749 1459 1820 in
1494 1747 1708 1841 Nuremberg
1739 1753 1971 1820 constructum

562 1897 627 1950 nec
653 1896 723 1948 non
744 1881 779 1948 et
803 1873 982 1946 ecclesiam
999 1872 1036 1944 in
1057 1870 1248 1946 Altenlurte
1269 1875 1376 1969 uulgo
1394 1873 1521 1948 dictum
1546 1871 1593 1947 ad
1613 1872 1707 1948 idem
1726 1870 1971 1945 monasterinm

562 1999 677 2073 Sancti
702 1999 818 2095 Egidii
850 2000 1027 2072 Scotorum
1054 1999 1254 2074 attinentem
1283 1997 1477 2074 secundum
1502 2009 1653 2072 tenorem
1684 1996 1781 2070 firme
1805 1995 1972 2069 libertatis

562 2125 823 2221 privilegiorum
860 2133 1114 2198 antecessorum
1152 2135 1346 2198 nostrornm
1385 2126 1617 2198 Romanorum
1655 2123 1899 2220 imperatorum
1938 2131 1972 2194 et

562 2272 697 2345 regum,
709 2250 754 2322 ob
765 2249 930 2322 honorem
948 2256 983 2322 et
993 2249 1248 2322 venerationem
1262 2251 1442 2324 beatorum
1453 2249 1694 2346 Apostolorum
1705 2249 1795 2322 Petri
1812 2257 1847 2322 et
1859 2247 1968 2338 Pauli,

562 2374 682 2448 iacobi
709 2383 743 2446 et
767 2374 882 2446 Sancti
905 2373 1022 2468 Egidii
1055 2375 1279 2468 contessoris,
1302 2387 1424 2472 rogatu
1449 2375 1587 2450 Martini
1610 2374 1745 2448 abbatis
1772 2382 1807 2448 et
1832 2374 1971 2446 iratrurn

564 2498 720 2594 ejusdem
744 2499 941 2572 monasterii
968 2507 1073 2594 atque
1097 2501 1238 2574 fratrum
1264 2501 1380 2574 Sancti
1404 2500 1570 2574 lobannis
1592 2509 1627 2573 et
1647 2501 1771 2572 Sancte
1793 2497 1972 2571 Catberins

562 2625 600 2696 in
626 2623 819 2698 Altenlnrte
839 2623 1112 2720 supplicatione,
1142 2647 1211 2720 que
1228 2627 1338 2700 Scotis
1359 2625 1475 2700 Sancti
1497 2625 1612 2722 Egidii
1632 2623 1772 2698 subdita
1789 2643 1866 2696 esse
1893 2643 1971 2719 pro-

562 2750 679 2844 batur,
700 2771 779 2822 cum
797 2749 959 2822 omnibus
981 2751 1259 2846 possessionibus
1282 2774 1371 2848 quas
1392 2752 1497 2826 modo
1520 2751 1648 2824 habent
1672 2748 1919 2824 rationabiliter
1938 2757 1972 2820 et

560 2895 649 2970 quas
668 2874 704 2944 in
727 2882 902 2970 posterum
928 2871 1139 2969 specialibus
1159 2873 1359 2948 nominibus
1384 2873 1645 2970 designabimus
1672 2872 1791 2946 autin
1818 2873 1970 2946 futurum

559 2999 662 3094 justis
682 2998 795 3072 modis
820 3007 902 3072 sunt
924 2996 1095 3092 habituri,
1118 2997 1154 3070 in
1179 2999 1468 3074 mundiburdium
1491 2998 1702 3074 detensionis
1720 3006 1837 3072 nostre
1853 3017 1972 3070 susce-

520 3167 524 3179 ·
560 3125 702 3222 pimus:
720 3146 762 3198 eo
776 3123 906 3196 scilicet
922 3131 1040 3196 tenore
1053 3133 1106 3212 nt,
1124 3123 1215 3196 sicut
1227 3125 1449 3198 constitutum
1468 3133 1521 3198 est
1535 3123 1581 3196 ab
1598 3121 1873 3198 antecessoribus
1889 3141 1971 3194 uos-

562 3251 624 3323 tris
650 3248 913 3346 imperatoribus
939 3257 973 3321 et
995 3248 1155 3342 regibus,
1177 3248 1271 3322 idem
1288 3249 1535 3324 monasterium
1558 3249 1673 3322 Sancti
1699 3247 1816 3342 Egidii
1838 3246 1874 3318 in
1897 3246 1972 3318 Nn-

559 3375 720 3470 rcmberg
740 3395 782 3448 ao
799 3373 945 3448 eeclesia
960 3375 997 3446 in
1013 3372 1205 3448 Altenturte
1223 3395 1357 3448 necnon
1378 3385 1413 3446 et
1429 3375 1522 3449 bona
1536 3375 1569 3448 ei
1585 3373 1764 3448 attinentia
1783 3393 1826 3445 ac
1843 3369 1971 3444 ibidem

559 3500 778 3578 solummodo
805 3500 896 3573 Sooti
922 3509 958 3574 et
983 3501 1240 3598 Hybernienses
1265 3500 1498 3574 inhabitantes
1520 3507 1555 3574 et
1576 3501 1662 3573 nulli
1689 3499 1748 3573 alii
1771 3507 1970 3595 perpetuam

562 3627 753 3700 libertatem
771 3625 921 3698 habeant
939 3635 972 3698 et
989 3627 1143 3699 tutelam.
1160 3627 1306 3700 lantum
1321 3626 1424 3700 etiam
1436 3624 1589 3700 humans
1599 3624 1832 3722 prosperitatis
1843 3623 1969 3695 bonum

562 3753 600 3825 in
617 3750 852 3824 adsciscendis
874 3751 1086 3847 pauperibus
1109 3751 1233 3822 Cbristi
1255 3752 1364 3823 Sectis
1383 3759 1418 3824 ot
1440 3750 1724 3823 Hibemiensibns
1747 3746 1971 3822 animadver-
2078 3763 2081 3774 ·

562 3887 685 3968 tentes,
706 3877 925 3950 decernimus
941 3885 977 3949 et
994 3877 1092 3970 regia
1108 3877 1310 3950 auctoritate
1327 3877 1550 3972 probibemus
1568 3875 1709 3972 nequis
1726 3885 1840 3972 preter
1856 3874 1972 3946 Sootos

560 4011 595 4076 et
611 4002 853 4076 Hibernienees
870 4001 1038 4097 prolatam
1056 4002 1238 4075 ecclesiam
1255 4001 1369 4074 Sancti
1385 4001 1501 4096 Egidii
1525 4001 1714 4074 monastico
1730 3998 1849 4072 babitu
1867 3996 1972 4070 inba-

560 4129 657 4204 bitet.
679 4127 769 4214 Quia
787 4126 891 4200 etiam
914 4126 1071 4222 predicta
1097 4126 1243 4200 ecclesia
1265 4125 1311 4200 de
1330 4125 1525 4200 elemosinis
1544 4125 1721 4220 regalibus
1743 4123 1887 4196 tundata
1903 4129 1969 4212 est,

562 4255 777 4351 ubicumque
801 4254 909 4328 abbas
932 4255 991 4328 uel
1016 4253 1179 4328 monachi
1197 4254 1252 4326 sui
1280 4253 1375 4347 regie
1400 4253 1495 4328 curie
1513 4253 1745 4345 interfuerint,
1766 4247 1971 4344 superdea

566 4383 662 4456 curia
680 4391 770 4456 scut
785 4382 830 4456 ab
850 4381 994 4480 antiquo
1012 4390 1177 4456 statutum
1195 4392 1248 4455 est
1266 4357 1643 4474 habeantpstatucntes
1658 4391 1700 4450 ut
1715 4377 1811 4450 nulla
1827 4393 1972 4472 persona

563 4509 705 4582 humilis
723 4509 781 4584 vel
796 4509 881 4600 ulta,
903 4508 1134 4582 ecclesiastica
1158 4508 1213 4580 vel
1235 4507 1414 4598 secularis,
1439 4507 1476 4578 iu
1494 4527 1553 4579 eos
1567 4515 1628 4577 aut
1642 4505 1733 4578 bona
1750 4523 1868 4576 eorum
1886 4519 1970 4596 qua·

564 4639 783 4730 lemcumque
810 4631 1078 4706 dominationem
1110 4631 1261 4704 habeant
1291 4641 1404 4730 preter
1433 4653 1496 4704 uos
1531 4645 1566 4704 et
1593 4647 1808 4704 successores
1840 4633 1970 4696 nostros

565 4785 663 4858 reges
682 4763 736 4833 vel
754 4761 994 4858 imperatores,
1015 4769 1161 4856 excepto
1181 4759 1306 4832 abbate
1320 4756 1436 4832 Sancti
1453 4757 1570 4832 lacobi
1592 4759 1771 4830 Scotorum
1789 4751 1969 4844 Rutispone
