4466 5914
261 589 362 652 lmen.
380 587 443 669 lt]
723 583 919 645 HISTORIA
946 582 1239 649 protestantes.
1624 582 1687 644 ott

264 725 479 800 Hierusalem
500 721 630 818 primo,
644 731 680 794 et
697 721 795 816 regni
814 720 929 796 Sicilie
945 719 1114 814 vigesimo
1135 733 1259 797 octavo
1273 719 1360 816 (ric),
1381 720 1537 794 feliciter.
1556 717 1681 792 Amen.

312 852 438 922 Datum
456 845 553 944 apud
568 845 720 939 burgum
738 845 854 918 Sancti
876 844 1046 938 Donnini,
1066 867 1175 936 enno,
1201 867 1320 920 mense
1339 855 1373 918 et
1390 844 1579 918 indictione
1598 865 1684 940 pre·

264 975 412 1071 scriptis.

486 1194 912 1206 -.--—-——.------
919 1195 954 1202 ...-
973 1195 1007 1202 -.-
1014 1194 1451 1204 -·--·....-....-—-—---—---—

320 1487 554 1594 Fridericus‚
578 1487 839 1571 Romanorum
860 1485 1081 1594 imperator,
1105 1484 1252 1567 irritam
1279 1485 1502 1595 pronuntiat
1523 1493 1684 1567 senten·
1716 1513 1886 1614 suffla

266 1623 361 1706 tism
388 1622 437 1704 de
465 1621 607 1704 finibus
631 1619 730 1702 inter
755 1618 967 1702 Bononiam
986 1629 1024 1700 et
1044 1617 1229 1702 Mutinam
1256 1620 1453 1728 quondam
1470 1618 1683 1728 prolatam,
1746 1622 1858 1733 Ἢ·

267 1780 463 1866 novosque
479 1753 664 1838 terminos
682 1751 815 1835 statuit
835 1777 933 1861 quos
952 1749 1218 1834 inviolabiliter
1235 1750 1428 1834 observari
1441 1749 1564 1862 jubet.

351 1997 453 2079 (Edld
468 1999 651 2077 Muurcar,
666 1995 811 2077 Aetiqcit
828 1991 898 2060 ltci.
920 1991 996 2056 med.
1017 1995 1097 2065 uui,
1114 2001 1139 2056 t.
1156 1995 1212 2074 lv,
1226 2011 1257 2074 p.
1274 2003 1344 2070 tlt,
1360 2009 1399 2056 ex
1411 2001 1595 2074 namnmptc
1611 1997 1684 2056 annt

391 2111 480 2180 12⁴⁵,
494 2106 528 2164 ln
537 2103 684 2166 tabulario
697 2103 884 2178 Mutinensi.)

317 2307 513 2382 Fridericus
535 2308 598 2382 Dei
622 2305 732 2402 gretia
756 2306 987 2380 Romanorum
1012 2308 1207 2402 imperator,
1235 2327 1371 2402 semper
1393 2318 1580 2402 augustus,
1599 2308 1689 2382 Hie-

271 2435 420 2506 rusalem
445 2442 480 2506 et
505 2431 621 2504 Sicilie
651 2453 728 2504 rex.
752 2431 816 2506 Per
842 2453 983 2527 presens
1008 2431 1175 2526 scriptum
1202 2439 1322 2504 notum
1348 2432 1493 2504 tacimus
1516 2434 1687 2506 universis

272 2555 433 2631 fidelibus
446 2557 571 2630 nostris
589 2565 660 2628 tam
678 2555 895 2651 presentibus
912 2578 1018 2651 quarn
1036 2555 1161 2628 tuturis
1178 2554 1274 2650 qnod
1287 2577 1351 2628 nos
1364 2555 1577 2630 attendentes
1594 2559 1687 2630 inte-

272 2681 430 2776 gritatem
452 2679 535 2755 fidei
558 2689 594 2753 et
619 2678 813 2753 devotionis
837 2679 969 2754 sincere
989 2701 1124 2752 necnon
1148 2687 1183 2752 et
1200 2689 1341 2774 accepta
1357 2680 1439 2752 satis
1454 2681 1596 2754 servitia
1619 2703 1689 2776 que

272 2807 481 2880 liuticenses
504 2805 599 2878 cives
621 2802 741 2879 fideles
760 2804 868 2878 nostri
894 2803 994 2878 nobis
1018 2825 1153 2899 semper
1171 2813 1206 2876 et
1226 2803 1370 2898 imperio
1394 2804 1628 2879 exhibuerunt
1655 2817 1689 2882 et

269 2931 397 3026 jugiter
410 2929 576 3004 exhibere
593 2949 662 3000 non
681 2939 834 3020 ceccaum
856 2937 895 3002 ut
909 2927 996 3002 fides
1012 2927 1200 3024 probabilis
1213 2929 1414 3000 eorumdem
1429 2928 1474 3002 de
1493 2931 1584 3005 bono
1597 2953 1689 3004 sem·

273 3077 333 3152 per
346 3063 477 3128 crescat
491 3053 527 3127 in
545 3053 666 3128 melius
683 3063 719 3126 et
738 3052 785 3126 ad
805 3053 1022 3128 devotionem
1042 3062 1076 3126 et
1094 3051 1197 3126 fidem
1224 3061 1373 3124 nostram
1390 3053 1490 3124 multi
1512 3055 1689 3128 nubantur

272 3179 331 3252 alii
356 3201 418 3276 per
441 3180 658 3274 exemplum,
687 3176 732 3250 de
763 3176 978 3272 plenitudine
1004 3177 1181 3272 potestatis
1211 3188 1325 3250 nostre
1350 3186 1385 3252 et
1410 3179 1550 3274 speciali
1579 3180 1689 3274 gratia

272 3325 378 3398 quam
389 3303 557 3377 habemns
571 3300 618 3375 ad
631 3303 743 3399 ipsos,
760 3301 1043 3396 compromissum
1057 3302 1185 3374 lactum
1199 3300 1287 3373 inter
1302 3301 1533 3375 Bononienses
1548 3314 1583 3376 et
1596 3304 1691 3400 ipsos

272 3427 485 3502 Mutinensee
507 3427 544 3500 in
571 3426 774 3500 Ubertinum
792 3435 876 3498 tunc
894 3434 1096 3522 potestatem
1114 3425 1267 3498 Bononio
1289 3425 1335 3498 de
1356 3425 1568 3522 quibusdam
1591 3429 1690 3502 terris

273 3560 309 3624 et
331 3551 417 3624 locis
441 3561 477 3624 et
503 3549 699 3624 confinibus
722 3560 757 3622 et
781 3549 926 3624 laudum
950 3549 996 3622 ab
1017 3570 1060 3622 eo
1084 3549 1211 3622 iactum
1230 3548 1283 3646 (l)
1299 3559 1333 3623 et
1349 3550 1642 3626 confirmationem
1668 3575 1691 3630 a

272 3695 494 3771 quocumque
512 3675 558 3748 de
577 3675 739 3772 predictis
754 3685 789 3750 et
806 3674 1080 3770 designationem
1099 3676 1224 3748 tactam
1240 3675 1286 3748 ab
1301 3675 1424 3750 eodem
1437 3685 1474 3750 et
1486 3678 1691 3773 positionem

274 3799 499 3874 terminorum
525 3809 559 3874 et
586 3799 702 3874 omnia
727 3823 797 3896 que
819 3803 910 3874 iactu
935 3802 1074 3874 luerunt
1095 3799 1140 3874 de
1167 3799 1332 3896 predictis
1356 3802 1441 3874 locis
1470 3811 1505 3875 et
1531 3804 1630 3876 terris
1656 3815 1692 3878 et

274 3923 469 3998 confinibus
486 3934 521 3998 et
534 3945 597 4021 pm
611 3923 776 4022 predictis
798 3925 899 4017 locis,
919 3925 1100 3998 occasione
1118 3924 1202 4020 dicti
1217 3925 1452 4022 compromissi
1468 3927 1525 4000 vel
1541 3929 1609 4002 alia
1626 3949 1691 4002 oc-

274 4049 425 4142 casione,
438 4072 519 4123 cnm
532 4049 678 4147 predicti
695 4050 907 4122 liuticenses
923 4049 1139 4146 possederint
1154 4049 1212 4122 vel
1228 4049 1329 4144 quasi
1345 4057 1380 4122 et
1396 4050 1628 4138 Bononienses
1644 4054 1690 4126 ab

275 4173 327 4247 eis
352 4183 526 4270 peterent;
547 4195 724 4248 cassamus
753 4184 787 4247 et
815 4173 852 4247 in
878 4173 1012 4247 irritum
1042 4172 1265 4268 deducimus,
1295 4173 1343 4246 ita
1371 4173 1466 4268 quod
1496 4175 1690 4272 predictum

273 4301 559 4396 compromissum
575 4299 633 4374 vel
650 4297 792 4394 aliquod
817 4298 1049 4396 predictorum
1065 4299 1197 4372 nullius
1210 4297 1256 4370 sit
1271 4298 1452 4392 momenti3
1472 4301 1689 4376 restituentes

313 4608 350 4683 (t)
369 4607 476 4668 Scilicet
488 4625 559 4668 anno
576 4611 657 4681 tart,
673 4613 707 4666 ts
727 4609 800 4683 maii,
815 4609 961 4669 indictione
973 4609 1030 4682 vn,
1045 4610 1074 4668 in
1092 4609 1172 4685 plena
1190 4609 1319 4668 concione
1332 4611 1481 4678 Bononiam
1495 4618 1527 4670 ut
1539 4613 1620 4671 relect
1631 4613 1690 4689 ipss

274 4707 452 4773 aunuum,
464 4705 579 4781 mom,
592 4725 620 4784 p.
633 4709 697 4780 su,
713 4708 776 4768 ill.

376 4806 521 4868 ilem.
1495 4813 1533 4872 tt
