4326 5910
1084 567 1256 631 llllNRlGl
1282 571 1450 636 sepultet

346 1211 524 1314 ᾖπῶς
603 1208 1075 1316 Henricus,ll0manorum
1087 1238 1169 1320 rex,
1181 1212 1354 1324 judiciali
1368 1217 1554 1300 sententia
1575 1217 1743 1301 decernit
1757 1245 1807 1302 ne
1823 1219 1864 1302 in
1878 1221 1966 1304 vici-

549 1343 667 1426 nitate
684 1345 910 1429 monasterii
926 1345 1172 1430 Weldscseen
1199 1347 1258 1433 vel
1285 1351 1530 1460 praediorum
1557 1350 1640 1460 ejus
1661 1361 1831 1436 castrum
1858 1355 1965 1438 aedi·

549 1475 695 1561 ficetur.

629 1721 726 1797 (lldlt.
740 1724 772 1784 ln
791 1723 920 1784 Murrum.
940 1722 1031 1799 eeu,
1049 1727 1122 1784 tem
1142 1722 1248 1802 XXX,
1268 1733 1439 1802 pare1·,p.
1462 1723 1961 1808 rrr,n·nch1n,exorrgrmu

666 1833 753 1908 cnjus
767 1831 897 1909 slglllum
910 1833 1013 1910 perlit,
1027 1830 1247 1893 remanentibus
1258 1837 1377 1894 mutum
1395 1831 1456 1894 lille
1474 1835 1577 1894 mulcta
1588 1833 1671 1894 rubrl
1683 1841 1714 1894 et
1726 1833 1833 1895 rtrldle
1845 1835 1959 1898 ectum

666 1966 707 1986 -
720 1937 918 2000 Mamercium
930 1944 1031 2000 tamen
1044 1942 1074 1999 et
1087 1943 1253 2000 extractum
1265 1955 1284 2000 a
1296 1939 1462 2014 Bnmmo,
1476 1941 1508 2000 tn
1520 1935 1781 2020 emmaque,
1794 1957 1826 2018 p.
1843 1943 1924 2020 ate.)

596 2153 639 2224 Η.
652 2152 713 2226 Dei
730 2153 840 2248 gratia
856 2153 1087 2225 Romanorum
1102 2174 1167 2226 rex
1185 2163 1220 2226 et
1235 2175 1371 2250 semper
1384 2164 1566 2249 augustus,
1583 2154 1754 2227 universis
1768 2163 1961 2250 presentem

547 2277 712 2374 paginam
726 2277 934 2372 inspecturis
954 2277 1099 2371 gratiam
1117 2299 1216 2350 suam
1233 2286 1268 2350 et
1282 2299 1385 2352 omne
1400 2278 1545 2352 benum.
1564 2277 1689 2351 Notum
1703 2299 1780 2352 esse
1801 2279 1961 2352 velumus

548 2413 619 2475 tam
637 2403 743 2474 lutnri
763 2423 869 2496 quam
897 2401 1063 2496 presentis
1085 2401 1142 2475 evi
1165 2401 1364 2474 hominibus
1388 2402 1484 2496 qued
1502 2423 1564 2498 pm
1581 2401 1717 2476 dilectis
1738 2403 1900 2475 frutribus
1924 2403 1959 2475 in

548 2526 794 2617 Waltheaxen,
812 2525 913 2598 nobie
931 2526 1065 2619 judicio
1086 2525 1361 2622 presidentibus,
1382 2527 1627 2600 sententiatum
1645 2527 1809 2622 estquod
1827 2527 1863 2600 in
1881 2549 1960 2624 pre-

549 2649 618 2724 diis
640 2671 759 2724 eornm
781 2651 857 2724 sive
874 2651 909 2722 in
925 2651 1055 2724 vicinia
1078 2651 1215 2724 cenobii
1238 2652 1294 2724 sui
1321 2651 1358 2722 in
1386 2651 1616 2748 prejudicium
1639 2651 1785 2726 ecclesie
1807 2652 1959 2747 ipsorum

548 2784 699 2849 castrum
721 2797 791 2848 non
814 2775 939 2850 debent
962 2774 1131 2850 edificari.
1151 2776 1202 2850 Ne
1219 2776 1326 2870 igitur
1341 2776 1508 2850 sententie
1530 2785 1645 2850 nostre
1669 2777 1906 2874 sollempniter
1927 2786 1961 2851 et

549 2901 701 2996 legitime
724 2902 792 2974 late
815 2901 896 2996 quis
920 2900 957 2972 in
978 2910 1153 2998 posterum
1177 2911 1354 2997 presumat
1369 2901 1530 2994 obviare,
1551 2903 1745 2976 cantionem
1768 2900 1850 2976 inde
1875 2923 1958 2976 con·

549 3027 653 3100 scribi
680 3035 715 3100 et
734 3049 811 3100 eum
836 3027 950 3122 sigillo
977 3035 1092 3100 noetm
1120 3026 1274 3100 mbcrari
1300 3048 1380 3100 cum
1404 3026 1648 3124 astipulatione
1671 3027 1809 3100 testim
1837 3047 1959 3123 prece-

548 3151 677 3247 pimus,
697 3172 847 3246 quorum
861 3150 927 3224 hec
941 3160 1023 3224 sunt
1037 3150 1204 3224 nomina:

597 3275 775 3350 Conradus
791 3275 1016 3350 cancellarius
1031 3285 1146 3348 noster
1164 3274 1336 3371 Spirensis
1352 3274 1556 3372 epiecopus,
1575 3272 1764 3348 Ekebertns
1777 3273 1960 3369 episeopus

547 3401 865 3496 Babenbergensis,
894 3402 1112 3474 Hermannus
1137 3400 1289 3473 marchio
1319 3399 1365 3474 de
1392 3399 1535 3492 Badem,
1554 3396 1774 3472 Theobaldus
1795 3395 1846 3496 (a)
1864 3419 1960 3472 mar-

547 3527 625 3601 chio
645 3527 691 3602 de
708 3524 958 3616 Hohenborch,
977 3523 1203 3600 Gevehardns
1220 3525 1459 3620 lanthgravius
1482 3524 1528 3600 de
1549 3523 1774 3598 Lnkenberch
1798 3532 1834 3596 et
1858 3525 1960 3596 iuter

545 3655 621 3746 ejus
636 3650 878 3744 Theobnldns,
899 3649 1096 3724 Gerhardus
1114 3669 1229 3722 comes
1249 3647 1294 3722 de
1308 3648 1444 3741 Deisth,
1464 3648 1687 3722 liverhardus
1703 3646 1748 3722 de
1763 3647 1956 3738 Everstein,

545 3775 785 3870 liverhardus,
806 3775 852 3850 de
869 3773 1094 3866 Sluozberch,
1121 3771 1306 3848 Anselmus
1321 3775 1530 3848 marscalcus
1554 3771 1599 3847 de
1621 3770 1820 3866 luetichen,
1844 3771 1959 3846 Cunn-

544 3901 652 3976 radus
670 3898 715 3998 (l)
731 3899 865 3995 dapifer
882 3900 927 3972 de
942 3897 1148 3990 Walbnrch,
1166 3894 1269 3972 Ditho
1284 3897 1329 3972 de
1343 3899 1627 3991 Ravenesbnrch,
1645 3897 1807 3972 Albertus
1823 3899 1955 3996 Lupus,

542 4029 773 4116 Hermannns,
793 4023 955 4097 Albertus
968 4023 1191 4098 liindesmule
1207 4021 1253 4096 de
1265 4023 1501 4116 Nurenbereh,
1520 4022 1681 4096 Albenm
1699 4021 1907 4098 Nothhnlthe
1924 4031 1959 4096 et

541 4151 634 4226 filins
654 4151 731 4244 ejus
753 4147 934 4242 Albertus,
960 4147 1121 4222 ilbertus
1144 4147 1191 4222 de
1214 4147 1438 4242 chsedele,
1464 4147 1644 4222 Heinricus
1672 4147 1718 4222 dc
1742 4145 1955 4236 Kinsberch,

542 4274 746 4352 Cnonredus
764 4274 809 4348 de
827 4273 1064 4348 Vallenberch
1080 4284 1115 4346 et
1132 4271 1338 4347 chelridus
1359 4275 1462 4347 irater
1477 4271 1572 4367 ejus,
1592 4271 1728 4346 Ulrieus
1750 4270 1798 4345 de
1818 4273 1957 4346 leuen·

540 4411 654 4494 stane,
680 4401 799 4476 Cuono
822 4411 858 4473 et
880 4399 1061 4472 Heinrieus
1085 4400 1205 4472 naues
1230 4395 1276 4470 de
1297 4397 1525 4488 Louenstein,
1544 4395 1783 4471 llarcwardue
1806 4395 1853 4470 de
1875 4395 1956 4468 Wa-

581 4602 625 4684 (u)
644 4604 704 4678 sle,
717 4610 854 4682 utsupra
867 4603 1115 4683 parenaetica
1127 4607 1229 4665 temen
1242 4597 1399 4682 diepoldus
1412 4617 1464 4664 eeu
1481 4597 1635 4682 mersu.

584 4710 624 4788 (b)
645 4711 709 4786 Ste3
724 4712 833 4774 rectius
845 4716 945 4774 nmen
960 4706 1157 4775 securam.
