4330 5914
550 574 609 636 tal
1068 575 1239 636 HENRlGl
1264 575 1432 636 SEP'l'lMl
1773 576 1852 661 [Anu.
1871 577 1960 640 1229.

546 711 640 802 juste
658 731 699 782 ac
718 709 963 784 rationabiliter
981 709 1129 806 adeptus
1148 721 1217 803 est,
1243 713 1495 786 communicata
1512 733 1618 786 manu
1638 713 1760 786 uxoris
1781 735 1845 786 sue
1862 715 1962 788 blas-

551 835 678 924 sivilie,
697 835 840 908 cenobio
852 835 952 908 beate
969 836 1076 908 lderie
1089 836 1125 908 in
1140 837 1326 930 Otterburg
1341 837 1400 932 pia
1413 837 1592 911 voluntate
1608 859 1650 910 ac
1674 838 1781 912 libera
1797 840 1958 930 contulit,

553 967 588 1034 et
605 959 776 1032 Christum
796 961 832 1032 in
851 961 925 1034 celo
942 983 984 1035 ac
996 961 1197 1056 genitricem
1219 962 1295 1054 ejus
1317 963 1501 1054 gloriosam
1517 984 1581 1058 pro
1605 963 1748 1036 temenis
1773 962 1963 1038 heredibus

552 1107 641 1181 quos
665 1107 734 1158 non
760 1085 934 1158 habebant
961 1085 1106 1160 heredes
1129 1087 1196 1160 sibi
1226 1087 1370 1160 feliciter
1401 1088 1587 1182 eligentes,
1617 1087 1691 1160 suis
1713 1107 1755 1159 ac
1780 1097 1961 1182 parentum

554 1231 694 1284 suornm
716 1209 898 1282 animabus
915 1210 952 1281 in
971 1209 1038 1282 boc
1059 1211 1197 1284 salubre
1221 1211 1413 1286 remedium
1440 1211 1718 1308 appropriarunt.
1737 1213 1833 1284 Hanc
1855 1213 1962 1308 igitur

553 1337 685 1430 pretate
700 1335 807 1407 curtis
823 1333 1043 1408 donationem
1060 1357 1174 1410 coram
1197 1337 1360 1432 episcopo
1379 1344 1415 1408 et
1431 1336 1634 1410 consiliariis
1654 1337 1963 1412 Wormatiensibus

554 1460 692 1556 publice
709 1481 751 1532 ac
771 1460 993 1555 solempniter
1009 1456 1214 1532 celebratam
1232 1481 1295 1532 nos
1312 1467 1421 1532 ratam
1444 1459 1631 1552 babentes,
1656 1461 1825 1556 presentis
1844 1463 1963 1558 scripti

553 1595 588 1658 et
604 1585 730 1679 regalis
746 1585 840 1658 bulle
853 1585 1042 1680 patrocinio
1057 1584 1225 1658 duximus
1238 1581 1522 1674 confirmandam,
1536 1584 1603 1656 sub
1617 1606 1709 1680 pena
1722 1586 1832 1678 gratie
1847 1597 1963 1660 nostre

554 1710 784 1807 precipientes
798 1732 844 1783 ne
861 1711 1035 1805 quiscum
1053 1711 1091 1782 in
1113 1709 1343 1806 prejudicium
1363 1709 1640 1804 Otterburgensis
1656 1709 1801 1784 ecclesie
1821 1712 1963 1806 aliqna-

555 1844 655 1909 tenus
671 1835 856 1929 infringere
877 1843 1064 1930 presumat.
1085 1834 1187 1919 Quod
1208 1833 1339 1930 siquis
1362 1855 1451 1908 ausu
1474 1833 1673 1908 temeritatis
1693 1837 1959 1930 attemptaverit,

553 1959 828 2055 indignationem
845 1959 907 2034 Dei
925 1959 1168 2055 omnipotentis
1184 1967 1219 2032 et
1235 1967 1385 2032 nostram
1400 1981 1438 2032 se
1455 1958 1590 2032 noverit
1603 1957 1835 2032 incursurum.

602 2087 728 2158 Datum
745 2085 950 2175 Wormatie,
971 2106 1033 2180 per
1055 2106 1197 2158 manum
1221 2083 1353 2158 domini
1383 2083 1531 2157 Conradi
1554 2084 1716 2156 Metensis
1739 2092 1775 2156 et
1793 2084 1963 2180 Spirensis

554 2211 706 2307 episcopi
724 2211 911 2306 imperialis
931 2212 1009 2284 aule
1032 2211 1238 2302 cancellarii,
1255 2211 1348 2282 XVII
1373 2207 1538 2282 kalendas
1555 2209 1689 2304 aprilis,
1713 2219 1881 2304 regnante
1899 2207 1962 2282 do·

493 2311 496 2322 ’
553 2334 649 2406 mino
677 2343 793 2408 nostro
819 2334 992 2407 Fridcrico
1016 2336 1248 2407 Romanorum
1277 2334 1481 2428 imperatore
1508 2333 1773 2426 gloriosissimo,
1802 2333 1957 2406 feliciter.

553 2456 674 2531 Amen.
694 2458 795 2532 Anno
811 2459 1053 2532 incarnationis
1073 2457 1244 2532 dominice
1258 2457 1454 2550 lllCCXXll,
1473 2456 1660 2530 indictione
1677 2457 1722 2528 X.

496 3106 503 3122 .
605 3031 808 3138 Henricus,
827 3031 1087 3114 Romanorum
1114 3055 1200 3138 rex,
1224 3029 1369 3113 decano
1394 3029 1526 3113 beatae
1550 3027 1689 3114 Mariae
1715 3035 1753 3109 et
1779 3025 1961 3108 advocato

552 3165 722 3276 Aquenei
748 3166 907 3248 mandat
937 3175 981 3248 ut
1012 3164 1209 3248 ecclesiam
1231 3163 1331 3246 beati
1359 3162 1553 3246 Adalberti
1580 3187 1694 3270 super
1719 3159 1831 3244 bonis
1858 3157 1961 3268 apud

553 3297 751 3386 Beetwilre
776 3307 909 3382 contre
934 3299 1112 3382 comitem
1137 3298 1388 3382 iuliaceneem
1409 3306 1447 3380 et
1468 3323 1582 3406 super
1599 3295 1709 3379 bonis
1736 3291 1839 3402 apud
1863 3292 1961 3378 Olnc

552 3443 590 3520 ct
607 3435 732 3519 Soron
749 3443 881 3518 contra
898 3432 1140 3518 Walramum
1158 3433 1206 3516 de
1223 3432 1401 3543 MontJ'oie
1419 3458 1466 3516 ex
1480 3439 1587 3541 parte
1602 3455 1672 3514 sua
1689 3435 1882 3514 tueantur.

633 3651 730 3730 (Edld.
742 3651 841 3728 Qun,
859 3647 926 3714 cod.
942 3647 1093 3732 diprlonaat.
1108 3647 1259 3732 Aquensis,
1274 3668 1306 3729 p.
1326 3659 1376 3726 97,
1390 3659 1423 3712 n·
1436 3652 1517 3727 itt.)

600 3839 779 3912 Heinricus
802 3841 865 3914 Dei
889 3840 999 3936 gratia
1020 3841 1252 3914 Romanorum
1277 3861 1342 3913 rex
1363 3847 1398 3912 et
1423 3859 1560 3935 sempor
1585 3843 1772 3930 augustus,
1798 3833 1960 3908 fidelibus

551 3964 625 4038 suis
659 3967 695 4038 S.
731 3965 864 4040 decano
897 3966 999 4038 beate
1033 3965 1141 4040 Maris
1172 3973 1208 4038 et
1238 3965 1295 4038 W.
1324 3962 1376 4060 (t)
1406 3963 1575 4038 advocato
1618 3961 1774 4058 Aquensi
1813 3960 1958 4055 gratiam

457 4151 460 4158 ,
550 4111 650 4164 suam
677 4099 712 4164 et
735 4111 838 4163 omne
863 4090 1007 4164 bonum.
1037 4089 1126 4174 Quia
1146 4088 1338 4186 specialiter
1358 4088 1404 4164 ad
1428 4111 1491 4164 nos
1511 4087 1658 4184 pertinet
1680 4083 1776 4182 quod
1797 4084 1959 4158 ecclesias

550 4224 686 4290 nostras
709 4223 744 4289 et
767 4214 904 4311 imperii
927 4215 963 4288 in
979 4216 1068 4308 jure
1081 4235 1147 4288 suo
1171 4223 1206 4288 et
1229 4236 1315 4310 pace
1338 4213 1522 4309 tranquilla
1544 4211 1713 4286 debemus
1738 4229 1955 4295 consmvare,

548 4339 757 4413 mandamus
781 4339 883 4414 vobis
904 4348 940 4414 et
955 4342 1022 4413 sub
1041 4361 1082 4414 ea
1102 4338 1355 4434 fidelitateque
1378 4338 1479 4414 nobis
1501 4337 1666 4412 tenemini
1686 4335 1828 4408 lirmitm
1846 4333 1957 4431 preci·

546 4464 663 4562 pimus
686 4475 858 4560 quatenus
885 4488 931 4539 ex
956 4475 1052 4564 parte
1079 4475 1194 4540 nostra
1223 4461 1389 4538 moneatis
1411 4475 1447 4538 et
1473 4461 1646 4538 inducatis
1668 4461 1829 4535 comitem
1850 4459 1956 4534 lulia-

582 4719 620 4794 (l)
638 4720 724 4778 Priori
736 4727 825 4780 autem
836 4722 937 4781 sibodo
954 4739 1068 4795 nomen,
1083 4723 1159 4781 alteri
1179 4720 1340 4782 Willelmoa.

2128 464 2133 595 l
