4466 5914
557 571 619 634 640
1059 573 1273 636 FlllDElllCl
1298 575 1472 637 secono!
1785 580 1865 664 [dns.
1884 585 1970 648 1226.

559 707 745 796 Friderico‚
763 717 849 798 etc,
867 729 958 782 anuo
974 708 1110 806 imperii
1128 713 1203 804 ejus
1219 711 1278 802 Vl,
1297 711 1396 807 regni
1413 712 1627 786 Hierusalem
1643 715 1676 804 l,
1695 716 1792 811 regni
1809 739 1895 792 vero
1911 720 1973 792 Si-

561 833 639 905 cilie
655 832 779 920 XXlX,
800 855 892 906 anno
906 832 1079 909 dominice
1100 835 1345 910 iucarnationis
1365 836 1574 927 dccxxvi,
1592 839 1637 911 Vl
1656 840 1785 913 mensis
1799 842 1893 934 julii,
1915 843 1972 916 iu-

562 955 713 1030 dictione
728 957 819 1030 xlv.

368 1518 535 1618 arugggpm
615 1501 848 1606 Fridericus,
870 1503 1131 1587 Romanorum
1157 1501 1377 1614 imperator,
1398 1501 1592 1614 potestati,
1612 1501 1772 1586 consilio
1795 1511 1834 1585 et
1859 1526 1974 1584 com-

497 1655 506 1683 ·
564 1637 673 1720 muni
700 1637 902 1721 Ravennae
928 1637 1087 1720 mandat
1108 1646 1152 1721 ut
1173 1637 1309 1748 exequi
1332 1638 1510 1722 studeant
1527 1637 1753 1722 sententiam
1780 1663 1804 1719 a
1831 1662 1872 1720 se
1892 1637 1976 1746 ipso

565 1771 848 1875 confirmatam,
874 1796 953 1880 qua
974 1769 1221 1855 Formosinus
1243 1771 1364 1882 judex
1390 1771 1493 1882 ipsoe
1520 1771 1788 1855 condemnavit
1814 1771 1863 1854 ad
1889 1768 1976 1853 sol-

565 1907 709 1990 vendas
722 1904 942 1989 Donlollino
954 1904 1097 1988 Judaeo
1114 1904 1293 1988 undecim
1315 1905 1434 1988 libras
1453 1905 1685 2014 imperiales,
1701 1929 1772 2016 pro
1790 1903 1977 1988 aestima-

565 2039 669 2124 tione
684 2039 758 2124 olei
775 2037 916 2149 injuste
933 2039 1033 2149 capti
1050 2047 1089 2123 et
1104 2038 1248 2124 venditi
1263 2049 1301 2122 et
1317 2065 1388 2150 pro
1406 2039 1596 2150 expensis.

394 1627 492 1672 Donnlul

401 1683 428 1726 11
437 1681 499 1736 lulli.

647 2253 1091 2336 (Edld.anrunz1,lluncrn
1119 2253 1263 2330 decenn,
1287 2259 1311 2316 t.
1337 2255 1402 2330 111,
1425 2271 1456 2332 p.
1485 2263 1539 2329 ⁷⁵,
1559 2272 1577 2316 e
1595 2255 1691 2319 tubul.
1716 2253 1799 2318 aruh.
1825 2253 1977 2325 naucum,

687 2358 997 2442 murmurosa.)

616 2548 818 2624 Fredericus
831 2549 895 2622 Dei
911 2549 1021 2644 gratia
1037 2550 1268 2622 Romanorum
1286 2549 1485 2646 imperator,
1503 2571 1640 2646 semper
1653 2556 1835 2645 augustus,
1855 2549 1979 2623 Hieru-

568 2675 675 2750 salem
702 2681 737 2746 et
760 2673 875 2746 Sicilie
897 2695 978 2766 rex,
1003 2675 1160 2770 potestati
1188 2673 1261 2771 (l),
1289 2674 1431 2748 coneilio
1460 2674 1592 2770 totique
1616 2674 1791 2748 communi
1817 2675 1981 2748 Ravenna

569 2799 732 2874 fidelibus
748 2797 822 2871 suis
835 2799 980 2893 gratiam
994 2819 1095 2872 sunm
1115 2809 1150 2874 et
1167 2799 1294 2872 bonam
1310 2799 1536 2872 voluntatem.
1559 2799 1685 2874 Notum
1705 2799 1851 2873 iacimus
1868 2798 1992 2872 fideli-.

569 2925 630 2998 tati
648 2934 761 2998 vestre
778 2923 875 3018 quod
897 2923 993 2996 curia
1017 2932 1133 2998 nostra
1151 2923 1356 2996 sententiam
1378 2947 1483 3018 quam
1499 2924 1719 2998 Formosinus
1739 2925 1835 2998 Levii
1851 2923 1979 3018 judex,

569 3071 616 3124 ax
636 3049 852 3142 delegatione
873 3050 962 3121 lacta
982 3048 1048 3120 sibi
1072 3047 1117 3121 ab
1140 3047 1286 3120 Haurico
1309 3049 1499 3122 venerabili
1520 3050 1708 3124 Mantuano
1728 3047 1781 3146 (a)
1803 3049 1977 3146 episeopo,

570 3175 633 3271 qui
652 3184 735 3246 tuuc
757 3171 920 3267 temporie
941 3173 978 3244 in
998 3173 1094 3246 ltalia
1113 3173 1225 3245 vicem
1246 3173 1349 3266 legati
1365 3171 1524 3266 gerebat,
1545 3175 1686 3270 protulit
1703 3195 1767 3270 pro
1785 3175 1891 3248 latore
1906 3195 1981 3270 pre·

570 3297 719 3372 sentium
740 3293 932 3368 Doniollino
956 3295 974 3366 J
978 3292 1068 3368 odeo
1090 3293 1186 3369 fideli
1204 3305 1319 3368 nostro
1333 3305 1451 3370 contra
1474 3318 1658 3370 commuue
1678 3297 1829 3370 civitatis
1848 3309 1978 3384 vestre,

571 3422 806 3496 condemnans
820 3440 884 3492 vos
900 3419 945 3492 ei.
976 3471 986 3492 .
1017 3447 1027 3490 ·.
1059 3472 1555 3494 .............
1577 3431 1728 3517 quatuor
1748 3423 1854 3494 libras
1872 3422 1982 3518 impe·

572 3546 675 3620 riales
697 3565 759 3640 pro
787 3543 1012 3616 extimatione
1032 3543 1099 3617 olei
1124 3543 1221 3639 quod
1247 3544 1384 3619 dudum
1404 3545 1525 3618 Petrus
1550 3545 1790 3620 Traversarius
1812 3555 1896 3618 tunc
1917 3545 1982 3618 lla·

572 3691 687 3744 venue
716 3678 865 3766 potestas
869 3717 1365 3743 .............
1400 3679 1551 3744 vmtrum
1577 3671 1704 3763 injuste
1736 3670 1813 3766 capi
1847 3669 1927 3742 iecit
1948 3677 1984 3741 ot

572 3794 697 3884 uendi,
718 3804 753 3866 et
774 3795 811 3866 in
830 3803 962 3890 septem
980 3794 1085 3868 libras
1106 3793 1301 3890 imperiales
1319 3816 1381 3890 pro
1401 3795 1566 3890 expensis
1582 3817 1671 3890 quas
1686 3795 1779 3870 idem
1797 3795 1924 3868 fecerat
1946 3794 1982 3865 in

572 3920 749 4018 predictis,
770 3919 960 4013 infringens
974 3918 1077 3992 aliam
1090 3920 1294 3992 sententiam
1310 3942 1416 4015 quam
1431 3920 1551 4014 inique
1566 3929 1601 3994 et
1618 3921 1743 4014 injuste
1761 3922 1823 3993 Ser
1835 3920 1984 3993 Ioannes

611 4093 651 4178 (a)
672 4098 732 4158 Pro
744 4097 801 4158 hoc
815 4102 914 4158 nutem
926 4095 1016 4156 uerbo
1029 4095 1137 4174 legltur
1150 4111 1218 4158 eum
1232 4097 1454 4158 abbreviatione
1466 4097 1567 4160 liutai.
1589 4096 1676 4172 Quod
1688 4099 1730 4158 ita
1743 4097 1925 4158 correximus
1945 4113 1984 4158 ex

570 4205 765 4266 instrumento
778 4203 899 4264 interius
920 4208 1098 4282 memorato,
1111 4203 1163 4264 ubl
1181 4205 1271 4266 etlam
1288 4219 1342 4282 pru
1364 4203 1548 4264 Formurtmu
1565 4205 1716 4265 luvenltur
1738 4199 1940 4282 romeam,
1955 4211 1987 4265 et

569 4328 624 4390 pro
637 4308 814 4392 Dunsrrllina
829 4306 1014 4372 mettano.

606 4607 644 4680 (t)
663 4604 770 4662 Scilicet
782 4602 863 4661 Paulo
877 4601 1062 4675 Traverserio‚
1077 4601 1130 4660 lilio
1142 4601 1229 4675 Petri,
1243 4607 1274 4660 ut
1286 4619 1321 4660 ex
1331 4601 1493 4660 documento
1508 4615 1609 4660 coaevo
1627 4599 1700 4674 apud
1715 4599 1840 4658 eumden
1856 4597 1984 4656 Factumi

571 4709 655 4778 patet.
