4330 5914
185 595 367 679 lnorcr.15.]
637 596 833 660 HISTORIA
856 597 1147 662 nlrloulrlca
1538 597 1596 657 '10¹1

185 729 292 835 perio
309 738 347 810 et
364 754 483 838 regno
502 730 715 838 suscipere,
740 757 861 840 quum
884 733 954 815 iste
977 733 1027 815 ad
1048 731 1308 815 liberationem
1327 731 1463 813 Terrae
1482 731 1601 813 Sano-

185 871 247 942 tae
265 887 307 944 se
323 869 495 970 potenter
517 863 703 973 accingat.

271 1075 367 1154 (Edit.
383 1079 415 1136 ln
440 1073 507 1136 Cod
529 1073 676 1155 diplomat.
692 1074 943 1154 Luhoe.,pars1·,
957 1094 988 1155 p.
1005 1085 1105 1151 ιω·
1124 1076 1187 1138 XL.
1205 1103 1245 1122 -
1262 1075 1355 1137 Adest
1373 1074 1465 1136 altera
1486 1076 1598 1136 teucris

306 1182 439 1259 ejusdem
457 1182 582 1258 epistola
600 1182 819 1260 menapumpo
840 1183 1016 1261 Magunttno
1036 1188 1066 1243 et
1089 1183 1224 1258 episcopo
1243 1179 1450 1258 Bambergcusl
1467 1181 1596 1255 dhecta,

309 1287 389 1366 apud
402 1289 624 1363 Wunnnwmu,
640 1288 721 1351 Noua
733 1285 838 1348 scheid
855 1285 1016 1367 diplomat,
1031 1293 1056 1348 t.
1068 1287 1121 1366 lv,
1135 1303 1166 1364 p.
1184 1285 1266 1366 138.)

234 1484 406 1557 Honorius
427 1483 632 1579 episcopus,
653 1505 775 1557 servus
793 1505 973 1557 servorum
993 1483 1074 1576 Dei,
1098 1483 1289 1556 venerabili
1309 1483 1403 1554 tratri
1428 1481 1598 1578 archiepi-

184 1629 292 1706 scopo
312 1607 487 1681 Bremsnsi
514 1616 548 1680 et
573 1607 697 1681 dilecto
725 1607 795 1681 lilio
820 1609 937 1682 abbati
965 1607 1124 1681 Stadsnsi
1149 1607 1294 1680 salutem
1318 1615 1353 1679 et
1377 1607 1598 1702 apostohcam

183 1733 473 1806 benedictionem.
495 1731 635 1804 Sincera
656 1732 795 1804 devotio
812 1753 916 1826 quam
943 1731 1138 1806 carissimus
1155 1731 1190 1802 in
1207 1730 1338 1802 Christo
1365 1729 1457 1801 lilius
1484 1739 1599 1803 noster

186 1854 383 1928 Fridericus
396 1855 539 1926 illustris
550 1855 780 1928 Romanorum
794 1856 989 1950 imperator,
1007 1877 1141 1950 semper
1156 1863 1326 1948 augustus
1341 1863 1376 1927 et
1389 1875 1453 1926 rex
1466 1854 1595 1942 Sicilie,

184 1979 232 2051 ad
250 1982 362 2052 Deum
383 1979 417 2051 et
431 1979 620 2052 Ecclesiam
647 1979 774 2050 habere
794 1978 995 2070 dinoscitur,
1016 1999 1080 2052 nos
1104 1978 1239 2052 inducit
1263 1987 1302 2050 ut
1329 1977 1376 2051 ad
1402 1980 1478 2070 ejus
1503 1987 1596 2052 tran·

183 2103 389 2196 quillitatem
407 2111 442 2174 et
459 2123 579 2196 pacem
600 2101 758 2197 diligenti
774 2101 890 2174 studio
916 2111 952 2174 et
977 2103 1132 2176 studiosa
1158 2102 1336 2198 diligentia
1361 2101 1593 2174 intendamus.

182 2225 270 2297 Cum
287 2227 393 2320 igitur
411 2225 504 2298 idem
527 2227 601 2300 zelo
624 2226 706 2299 iidei
722 2249 764 2299 ac
787 2226 980 2327 devotionis
1002 2248 1168 2300 accensus
1184 2225 1230 2300 ad
1247 2226 1482 2298 liberationem
1507 2236 1596 2300 terre

183 2350 220 2420 in
238 2371 309 2444 qua
324 2352 399 2422 Rex
411 2371 533 2444 regum
548 2359 583 2423 et
599 2351 766 2422 muninus
785 2349 1037 2424 dominantium
1059 2352 1182 2424 lhesus
1205 2349 1360 2422 Christus
1377 2351 1512 2444 generis
1528 2351 1596 2423 hu-

183 2476 278 2546 mani
297 2476 442 2548 salutem
462 2474 697 2567 dignatusest
720 2475 985 2548 misericorditer
1009 2476 1160 2572 operari,
1184 2483 1353 2571 potenter,
1373 2474 1463 2547 sicut
1484 2475 1595 2570 impe-

181 2597 302 2670 rialem
327 2597 428 2670 decet
453 2596 760 2690 magnificentiam,
780 2619 818 2671 se
841 2599 1017 2693 accingat,
1038 2621 1102 2673 nos
1124 2607 1164 2670 ut
1186 2608 1257 2670 mm
1279 2600 1377 2694 pium
1400 2607 1435 2670 et
1459 2598 1597 2671 salubre

181 2721 397 2817 propositum
409 2722 533 2795 melius
549 2723 663 2796 valeat
676 2722 877 2817 adimplere,
895 2735 1044 2796 suamet
1060 2721 1122 2796 lilii
1136 2722 1191 2794 sni
1206 2743 1370 2818 personas
1382 2745 1463 2796 curn
1479 2723 1595 2817 impa-
1672 2805 1677 2817 ³

180 2845 252 2937 ric,
267 2867 390 2939 regno,
404 2845 542 2936 juribus
559 2855 593 2919 et
605 2845 794 2920 honoribus
813 2848 886 2919 suis
907 2847 973 2918 sub
991 2848 1082 2921 beati
1100 2848 1190 2920 Petri
1207 2855 1241 2919 et
1257 2857 1371 2920 nostra
1387 2847 1596 2942 protectione

182 2971 411 3064 suscipimus,
432 2970 621 3042 districtius
639 2971 833 3044 inhibentes
850 2993 895 3045 ua
917 2972 997 3067 quis
1018 2972 1154 3045 interim
1172 2994 1213 3044 ea
1232 2971 1416 3064 invadere,
1440 2971 1596 3044 minuere

181 3094 239 3164 vel
263 3093 369 3166 modo
383 3095 538 3188 quolibet
551 3095 752 3190 perturbare
770 3105 961 3190 presumat,
983 3097 1046 3169 sad
1068 3119 1179 3191 usqua
1201 3095 1248 3170 ad
1264 3095 1413 3169 reditum
1435 3097 1510 3188 ejus
1528 3095 1596 3170 suh

181 3218 323 3310 speciali
341 3217 535 3313 apostolice
550 3219 649 3293 Sedis
666 3229 701 3291 et
721 3219 1055 3316 archiepiscoporum
1072 3231 1106 3294 et
1131 3221 1371 3317 episcoporum
1397 3220 1596 3295 defensione

180 3341 352 3414 liberast
378 3343 497 3435 quieta
527 3344 726 3416 consistant.
757 3345 924 3430 Quocirca
953 3344 1148 3417 discretioni
1177 3353 1292 3418 vestre
1317 3366 1380 3439 per
1408 3347 1595 3441 apostolica

180 3466 308 3560 scripta
326 3465 774 3561 precipiendomandamus
789 3467 952 3563 quatinus
968 3468 1073 3563 siqui
1092 3477 1209 3542 contra
1223 3467 1489 3563 prohibitionem
1507 3493 1595 3544 nos-

180 3598 269 3660 tram
281 3611 369 3660 ausu
382 3592 561 3663 temerario
573 3591 764 3683 venientes,
781 3592 892 3688 ipsius
904 3591 1119 3688 imperatoris
1129 3591 1276 3664 honores
1287 3601 1322 3665 at
1329 3593 1409 3685 jura
1423 3617 1493 3689 quc
1508 3595 1595 3670 inira

181 3710 269 3785 fines
286 3722 345 3785 tua
366 3715 581 3809 metropolis,
601 3717 705 3787 irater
721 3717 995 3812 archiepiscope,
1017 3714 1168 3808 obtinet,
1187 3717 1352 3790 invadere
1368 3719 1423 3790 vel
1439 3719 1596 3794 minuere

180 3855 243 3906 seu
261 3836 520 3930 quomodolibet
530 3840 778 3934 presumpserit
790 3840 944 3914 indebite
958 3827 1179 3938 perturbare,
1200 3841 1399 3934 hujusmodi
1411 3861 1592 3942 presump-

180 3969 287 4050 tores,
307 3959 551 4056 undecumque
567 3963 713 4056 luerim,
738 3975 818 4038 uta
839 3987 905 4038 sua
929 3966 1187 4061 presumptione
1209 3965 1376 4039 desistant
1392 3975 1427 4040 et
1443 3967 1489 4043 de
1511 3991 1595 4064 pre-

179 4083 325 4178 sumptis
346 4084 495 4158 debitam
519 4089 784 4162 satisfactionem
800 4088 1023 4185 impeudant,
1044 4091 1231 4165 monitione
1254 4091 1422 4186 premissa
1445 4115 1508 4190 per
1526 4117 1594 4168 ex·

180 4209 526 4284 communicationem
540 4212 576 4284 in
587 4235 750 4309 personas
767 4225 802 4289 et
816 4215 1037 4290 interdictum
1050 4217 1086 4288 in
1096 4237 1214 4289 eorum
1229 4225 1349 4309 terras,
1364 4219 1594 4314 appellatione

180 4340 332 4421 remum,
353 4335 505 4429 cogatis,
526 4338 685 4431 quotiens
705 4339 839 4413 maritis
862 4341 1031 4436 requisiti.
1051 4340 1153 4426 Quod
1170 4341 1199 4412 si
1216 4361 1285 4413 non
1304 4341 1408 4414 ambo
1425 4341 1492 4416 hiis
1509 4365 1593 4420 exa·

179 4455 331 4548 quaudiu
356 4461 535 4552 potueritis
551 4462 731 4554 iuteresse,
750 4465 837 4538 alter
852 4475 1005 4538 vestrum
1018 4487 1060 4539 ea
1076 4465 1320 4539 nichilominus
1334 4477 1538 4562 exequatur.

214 4580 356 4652 vDatum
372 4583 542 4679 Lataram,
560 4586 677 4660 idibus
688 4589 856 4680 januarii,
875 4588 1092 4684 pontificatus
1108 4591 1214 4664 nostri
1230 4613 1321 4665 anno
1341 4591 1538 4668 undecimo.
