4330 5914
558 607 619 670 752
1081 608 1252 672 bubulci
1277 609 1449 674 suurltit
1783 612 1865 698 [dn.
1884 615 1970 678 1222

560 755 727 844 perpetua
746 745 928 820 stabilitate
950 756 1174 843 permaneant
1194 757 1230 820 et
1252 748 1371 844 quieta
1395 759 1627 845 perseverent.
1651 749 1759 846 liegio
1784 759 1972 826 soluentes

561 873 676 947 edicto
691 893 736 945 ne
752 871 813 944 ulli
828 871 873 946 de
889 881 1003 947 celero
1019 894 1165 970 persone
1180 873 1410 948 ecclesiastice
1420 875 1478 949 vel
1492 875 1640 949 seculari
1654 875 1746 948 banc
1761 884 1878 950 nomm
1888 897 1972 950 oon·

563 997 762 1072 firmationis
780 997 943 1094 paginam
964 997 1017 1072 ias
1037 999 1083 1071 sit
1098 999 1285 1096 infringam
1299 1000 1358 1073 vel
1373 1022 1462 1074 ausu
1479 999 1658 1074 temerario
1676 1001 1859 1076 contraire.
1880 1001 1972 1075 Con-

561 1123 718 1196 cedimus
741 1121 846 1196 eliam
864 1132 899 1195 et
921 1131 1088 1220 perpetuo
1110 1121 1353 1196 confirmamus
1371 1123 1488 1199 omnia
1512 1143 1732 1220 quecumque
1749 1125 1971 1199 eoncemious

563 1247 781 1344 pontificum,
797 1245 977 1341 largitione
991 1247 1204 1344 principum,
1222 1247 1316 1322 dono
1334 1247 1498 1322 comitum
1514 1249 1571 1322 vel
1588 1248 1758 1322 baronm
1774 1257 1810 1322 el
1824 1249 1969 1322 aliorum

562 1371 734 1445 oblatione
755 1368 911 1444 fidelium
934 1369 1029 1446 idem
1051 1371 1297 1446 monasterium
1319 1371 1357 1444 in
1379 1371 1628 1469 presentiarum
1641 1373 1736 1466 iuste
1759 1383 1794 1447 el
1820 1374 1971 1448 raliona-

562 1497 675 1570 bililer
690 1494 859 1591 possidet,
884 1505 946 1568 aut
968 1495 1005 1568 in
1026 1497 1141 1570 loturo
1154 1499 1248 1591 josto
1265 1497 1365 1572 titulo
1385 1505 1558 1594 prestante
1580 1497 1725 1571 Domino
1750 1499 1877 1594 polerit
1895 1497 1970 1573 adi·

563 1623 664 1719 pisci.
682 1623 727 1696 Ut
740 1631 855 1696 aulem
869 1621 1109 1718 supradictum
1123 1623 1369 1698 monasterium
1386 1623 1493 1697 nostri
1506 1623 1634 1696 favoris
1650 1623 1866 1718 plenitudine
1884 1645 1972 1719 gau·

564 1747 645 1822 deal
657 1755 693 1822 el
707 1757 747 1820 ut
762 1769 904 1844 presens
919 1757 1034 1822 nostre
1054 1748 1190 1843 pietatis
1206 1748 1383 1823 concessio
1396 1747 1496 1822 firma
1512 1748 1580 1821 sibi
1601 1756 1636 1820 et
1651 1747 1781 1820 illibata
1797 1748 1970 1843 persistat,

563 1895 705 1972 presens
725 1882 839 1946 nostre
865 1873 1052 1968 majestatis
1078 1873 1300 1970 privilegium
1326 1871 1409 1947 inde
1431 1871 1601 1948 conscribi
1624 1871 1770 1945 lecimus
1794 1881 1830 1946 et
1859 1872 1974 1968 sigillo

564 2007 680 2073 nostro
696 1997 863 2092 jussimus
881 1997 1052 2092 insigniri.

612 2125 757 2219 Signum
776 2121 909 2197 domini
927 2122 1065 2196 Henrici
1088 2123 1224 2220 septimi
1246 2125 1477 2199 Romanorum
1495 2123 1587 2218 regis
1605 2121 1821 2196 invictissimi
1840 2123 1974 2218 (limo-

559 2249 738 2347 grummo).

615 2375 726 2468 Hujus
747 2374 798 2448 rei
826 2383 929 2448 testes
950 2383 1031 2448 sunt
1045 2395 1161 2448 comes
1185 2372 1413 2466 Manegoldus
1438 2373 1484 2449 de
1506 2371 1733 2464 Nellenburc,
1752 2371 1974 2446 Eberhardns

566 2501 700 2596 dapifer
714 2499 760 2575 de
777 2499 971 2596 Waltpurc,
992 2499 1173 2574 Corradus
1189 2499 1353 2596 pincerna
1369 2499 1415 2573 de
1431 2499 1692 2592 Wintersleltin,
1713 2497 1909 2571 burcardus
1926 2495 1972 2570 de

421 2661 425 2672 ·
565 2627 747 2718 Honburc,
768 2625 903 2698 Ulricus
920 2635 956 2698 el
978 2625 1155 2698 Conradus
1173 2627 1277 2698 lruter
1290 2626 1366 2718 ejus
1381 2623 1428 2698 de
1444 2623 1620 2716 Pothamu,
1641 2621 1810 2696 liudolfus
1831 2631 1867 2696 el
1887 2623 1972 2696 Her·

564 2773 713 2825 mannus
736 2751 839 2824 lrater
855 2751 931 2843 ejus
954 2749 1000 2826 dc
1025 2749 1184 2840 Arboua,
1213 2747 1382 2823 liudolfus
1404 2757 1439 2822 et
1457 2747 1653 2822 Burcardus
1675 2747 1721 2822 de
1745 2749 1969 2844 Ramesperc,

564 2875 752 2951 Hannidus
768 2875 814 2951 de
826 2875 1020 2967 leuneclre,
1035 2875 1232 2950 Waltbems
1248 2883 1283 2948 et
1298 2873 1495 2948 Buroardus
1508 2873 1553 2948 de
1569 2873 1733 2968 Houveis,
1750 2871 1973 2948 Eberhardus

563 3012 598 3077 et
613 3001 794 3076 Bertuldus
806 2999 851 3076 de
867 3001 1047 3098 Lintpabc,
1063 3001 1172 3074 etalii
1188 3001 1424 3097 quamplures.

613 3129 738 3199 Datum
765 3126 860 3224 apud
887 3127 1111 3222 Uberlingen,
1140 3147 1232 3199 anno
1258 3123 1501 3198 incarnationis
1524 3123 1696 3201 dominice
1720 3123 1970 3213 become,

564 3255 624 3326 llll
642 3253 722 3326 idos
739 3251 944 3346 decembris,
963 3273 1055 3326 anno
1069 3251 1167 3346 regni
1180 3251 1286 3325 nostri
1305 3250 1429 3348 primo.

1142 3553 1387 3567 *-

953 3813 1064 3878 ANNO
1091 3811 1507 3876 1223.-11tolcu10n'n
1534 3812 1586 3877 11.

1031 4117 1505 4160 *-

410 4511 503 4566 m.
617 4476 821 4580 Henricus,
841 4472 1101 4557 Romanorum
1127 4490 1213 4572 rex,
1243 4461 1443 4546 conventui
1472 4463 1510 4542 in
1543 4460 1643 4546 Roth
1674 4457 1875 4541 confirmat
1902 4454 1976 4538 hoc

381 4567 407 4611 lb
420 4565 532 4612 icbrucrll.

564 4612 804 4724 privileg'um
835 4616 878 4692 ut
908 4603 1060 4688 nullum
1092 4601 1317 4684 advocatum
1348 4597 1509 4704 habeat,
1542 4595 1610 4678 sed
1639 4591 1856 4676 immediate
1885 4615 1976 4674 cum

564 4744 743 4832 omnibus
773 4736 1077 4852 possessionibus
1099 4732 1182 4844 ejus
1201 4731 1274 4817 sub
1291 4730 1410 4844 regali
1428 4729 1659 4842 protectione
1675 4732 1914 4860 permaneat,
1939 4730 1979 4806 et
