4326 5910
541 597 603 660 82⁶2
1070 597 1242 660 flttrtmct
1268 597 1453 661 stertat·
1478 597 1483 606 ’
1769 601 1849 682 [ilua
1871 601 1953 666 lffil.

544 742 705 830 poterunt
716 732 873 828 adipisci.
886 733 1039 806 Preterea
1058 733 1246 809 cumidem
1265 737 1460 832 propositus
1472 747 1508 808 et
1522 737 1577 809 sni
1594 739 1780 811 oonlratrcs
1797 761 1861 812 nos
1878 763 1955 834 pro·

542 860 619 954 prio
635 867 730 931 motu
749 857 815 930 sihi
838 859 1003 952 elegerint
1027 859 1063 930 in
1079 859 1288 934 advocatum
1307 871 1342 934 et
1359 860 1575 936 defensorem
1595 871 1630 935 et
1646 860 1863 936 advocatiam
1882 887 1955 936 mo

542 985 684 1058 naeterii
704 983 876 1076 jamdicti
897 985 996 1058 nohis
1014 986 1179 1059 duxerint
1201 987 1501 1080 committendam,
1526 989 1746 1084 promisimus
1767 990 1852 1086 ipsis
1869 989 1955 1064 lide·

541 1110 616 1182 liter
635 1117 887 1186 etconstanter
904 1109 1001 1205 quod
1024 1110 1182 1184 eamdem
1207 1112 1425 1186 advocatiam
1450 1133 1588 1210 semper
1607 1113 1655 1186 ad
1675 1135 1798 1188 manns
1824 1125 1957 1190 nostras

540 1233 772 1308 detinebimus
793 1257 857 1307 nec
883 1256 959 1308 eam
988 1235 1196 1310 inleodando
1219 1239 1275 1312 vel
1298 1237 1486 1334 obligando
1506 1259 1528 1312 a
1554 1237 1707 1312 dominio
1728 1249 1843 1311 nostro
1871 1240 1954 1313 alie·

540 1361 714 1433 dabimus.
740 1359 929 1434 Statuimus
952 1362 1059 1457 igitur
1077 1371 1112 1436 et
1137 1363 1203 1436 sub
1228 1364 1504 1438 interminatione
1528 1363 1637 1459 gratie
1663 1375 1779 1438 nostre
1802 1365 1956 1440 districte

540 1486 750 1582 precipimus
767 1495 807 1558 ut
832 1487 949 1560 nullus
971 1489 1017 1560 sit
1038 1488 1099 1583 qui
1124 1497 1241 1564 contra
1262 1489 1353 1562 hanc
1374 1491 1618 1587 protectionem
1640 1489 1855 1586 sepedictum
1879 1513 1954 1563 mo·

540 1611 727 1684 hasterium
746 1609 912 1685 invadere
925 1611 1053 1684 audeat
1068 1615 1125 1686 vel
1143 1613 1336 1704 molestare,
1359 1615 1416 1688 vel
1439 1613 1626 1710 dampnum
1641 1615 1671 1688 ei
1690 1623 1750 1688 aut
1766 1637 1955 1708 gravamen

540 1736 683 1832 aliquod
702 1737 862 1832 irrogare.
883 1737 985 1826 Quod
999 1739 1060 1834 qui
1074 1739 1193 1812 lecerit
1205 1739 1290 1812 sciat
1303 1761 1341 1814 se
1354 1739 1627 1834 indignationem
1644 1737 1812 1813 tremendi
1823 1739 1955 1832 judicis

541 1871 725 1958 nostreque
740 1861 955 1935 celsitudinis
973 1863 1138 1938 ollensam
1157 1863 1309 1960 graviter
1327 1865 1525 1938 incurrisse.

587 1989 712 2060 Datum
731 1987 826 2083 apud
843 1989 1010 2082 Berunm,
1031 1990 1060 2060 ll
1078 1987 1245 2063 kalendas
1259 1989 1427 2083 januarii,
1446 1988 1635 2063 indictione
1649 1989 1751 2061 Xlll·.

1458 2265 1739 2276 —u———an--fi

453 2557 459 2570 ·
488 2553 495 2570 ·
591 2521 789 2627 Beudena,
806 2523 1066 2609 Romanorum
1083 2552 1164 2630 rex,
1181 2526 1461 2610 ordinationem
1473 2525 1674 2610 confirmat
1686 2526 1784 2610 inter
1797 2527 1954 2636 Aquen-

539 2684 621 2742 scm
638 2659 835 2742 ecclesiam
852 2669 890 2742 et
907 2661 1179 2768 parrochianos
1197 2661 1245 2744 de
1263 2661 1452 2744 Senceche
1475 2658 1638 2772 (Sinzig)
1658 2685 1772 2770 super
1795 2661 1953 2744 decimis

537 2795 734 2878 vinearum
753 2796 803 2879 ad
819 2795 992 2879 eamdem
1011 2795 1252 2904 parrochiam
1270 2795 1540 2904 pertinentium
1553 2793 1707 2878 factam

619 2987 747 3066 (Edldcr.
760 2987 854 3062 Qurx,
871 2983 939 3048 dod.
954 2983 1106 3066 diprhmot.
1115 2985 1255 3067 aquam,
1265 3003 1297 3063 p.
1311 2993 1380 3062 too,
1393 2995 1427 3047 n·
1440 2981 1951 3058 rso.-1ncomnm,ttrtmuest.

645 3094 706 3174 sitr
722 3093 768 3156 cte
788 3092 884 3158 (lorch
903 3093 952 3156 der
964 3093 1127 3169 Nicderrh,
1143 3111 1200 3157 zv.
1215 3095 1316 3172 Band,
1331 3111 1362 3174 p.
1379 3099 1481 3170 6465,
1495 3103 1529 3156 n·
1544 3091 1625 3174 tte.)

586 3258 753 3332 llenricus
767 3255 934 3353 septimus
950 3256 1071 3330 divina
1085 3257 1223 3330 favente
1238 3255 1420 3332 clementia
1435 3257 1666 3328 Romanorum
1682 3278 1746 3330 rex
1763 3265 1799 3330 et
1814 3275 1953 3351 semper

537 3392 720 3478 augustus,
741 3383 903 3456 omnibus
920 3383 957 3454 in
976 3381 1109 3455 Christo
1127 3381 1254 3454 renatis
1274 3381 1310 3454 in
1337 3392 1556 3476 perpetuum.
1577 3381 1681 3453 Decet
1705 3379 1800 3476 regie
1816 3381 1952 3471 majes-

538 3509 617 3581 tatis
633 3507 865 3600 clementiam,
884 3507 974 3582 sicut
992 3517 1180 3602 augmento
1198 3507 1388 3604 reipublice
1402 3506 1502 3600 regni
1519 3505 1643 3579 terreni
1661 3527 1710 3578 ex
1730 3505 1849 3579 debito
1864 3527 1952 3578 sus-

537 3633 626 3728 cepti
645 3631 823 3727 regiminis
846 3631 1000 3706 studiose
1016 3631 1092 3704 sine
1109 3631 1360 3704 intermissione
1374 3639 1509 3704 tenetur
1526 3631 1702 3724 insistere,
1731 3631 1782 3703 sic
1801 3629 1848 3703 ad
1869 3651 1950 3704 res-

535 3755 761 3830 taurationem
785 3755 918 3830 celestis
945 3757 1044 3851 regni
1076 3755 1186 3854 patrie
1215 3777 1295 3828 cum
1327 3779 1463 3830 summa
1495 3755 1680 3830 devotione
1706 3755 1785 3829 totis
1813 3755 1949 3828 viribus

532 3882 716 3984 insudare3
729 3881 826 3978 quod
838 3881 961 3954 melius
974 3880 1093 3978 peragi
1106 3901 1207 3976 posse
1224 3903 1293 3954 non
1311 3880 1485 3954 credimus
1498 3903 1603 3978 quam
1623 3891 1662 3954 ut
1675 3876 1737 3954 ubi
1752 3877 1947 3952 animarum

533 4007 636 4081 saluti
665 3999 882 4104 prospicitur,
910 4005 1048 4078 utilitati
1079 4006 1183 4078 etiam
1206 4006 1241 4078 in
1274 4005 1377 4079 domo
1402 4005 1538 4080 Domini
1561 4015 1661 4080 nocte
1681 4027 1724 4078 ac
1749 4004 1808 4078 die
1829 4005 1948 4077 lamn-

533 4135 678 4208 lantium
702 4131 917 4229 providetur.
938 4131 1024 4205 Inde
1051 4131 1219 4226 estquod
1241 4131 1490 4206 ordinationem
1510 4133 1722 4230 temporibus
1750 4131 1876 4203 nostris
1899 4129 1946 4203 ad

532 4259 697 4332 honorem
717 4257 780 4330 Dei
801 4267 836 4330 et
854 4257 1047 4354 proiectum
1078 4257 1209 4353 capelle
1237 4266 1352 4330 nostre
1379 4254 1586 4354 imperialis,
1615 4256 1788 4352 Aquensis
1813 4255 1946 4328 seilicet

530 4384 687 4475 ecclesie,
702 4383 910 4478 interipsam
924 4391 959 4456 et
975 4381 1218 4478 parrochianos
1233 4381 1278 4456 de
1293 4381 1469 4456 Senceche
1481 4405 1587 4479 snper
1603 4381 1749 4456 decimis
1763 4381 1943 4454 vinearum

529 4508 576 4584 ad
601 4509 747 4582 eandem
774 4507 989 4604 parrochiam
1014 4508 1259 4604 pertinentium
1283 4509 1408 4582 lactan
1435 4507 1480 4581 de
1504 4527 1674 4582 consensu
1699 4517 1769 4580 tam
1795 4505 1942 4578 militnm

528 4655 635 4729 quam
652 4633 926 4706 ministerialium
941 4643 977 4705 et
992 4633 1173 4706 hominum
1189 4655 1322 4708 necnon
1340 4643 1375 4707 et
1393 4643 1463 4708 tota
1481 4634 1616 4731 imperii
1634 4631 1763 4706 lamilia
1779 4629 1941 4726 (ric)cum

530 4758 753 4832 universitate
772 4758 1075 4854 parrochiancrum
1093 4757 1251 4850 ejusdem
1268 4759 1334 4832 loci
1352 4759 1388 4832 in
1412 4759 1479 4834 hoc
1499 4781 1580 4832 cum
1607 4757 1853 4832 acclamatione
1876 4777 1941 4828 sc-
