4330 5914
184 619 284 678 lunum.
304 614 363 693 ΙΟ.]
635 608 833 670 HISTORIA
858 609 1150 674 nilhollallclt.
1543 611 1602 672 '135

185 773 325 824 oensem
343 757 384 820 ιιι
404 745 556 840 deponat
576 753 611 816 et
630 744 791 818 emendet
811 745 962 840 dampna
982 757 1017 818 et
1038 747 1238 842 gravamina
1260 767 1330 841 que
1353 745 1510 820 homines
1527 749 1596 838 sui,
1618 811 1622 822 .

185 877 351 972 pincama
379 879 414 945 et
443 870 578 966 dapifer
603 869 659 942 vel
688 870 814 965 aliquis
845 871 934 943 alius
961 892 1022 965 pro
1047 873 1123 967 ipso
1151 893 1198 945 ex
1227 880 1323 966 parte
1346 893 1428 961 sua,
1457 872 1601 944 ecclesie

185 1000 303 1073 Sancti
330 995 509 1070 Adalherti
528 993 573 1068 de
594 992 705 1088 Aquis
721 1015 790 1088 que
809 994 856 1068 ad
879 1016 942 1067 uos
964 996 1157 1091 specialiter
1178 996 1325 1093 pertinet
1347 995 1502 1066 inbonis
1527 997 1601 1068 suis

185 1123 283 1220 apud
318 1120 500 1194 Bastwilre
531 1118 681 1190 inierunt
708 1119 764 1191 vel
800 1119 968 1192 hactenus
998 1121 1206 1211 intulerunt;
1238 1129 1273 1193 et
1299 1119 1457 1192 eamdem
1486 1121 1602 1192 eccle-

185 1249 274 1321 siam
298 1245 433 1318 faciatis
449 1243 543 1315 hona
558 1262 623 1314 sua
640 1241 762 1314 eadam
781 1250 816 1314 et
831 1242 915 1314 alibi
933 1243 1009 1315 sine
1030 1244 1147 1339 aliquo
1167 1243 1412 1339 impedimento
1430 1242 1514 1316 dicti
1541 1264 1600 1316 oo·

185 1372 279 1444 mitis
304 1372 362 1443 vel
385 1389 528 1441 suorum
551 1365 683 1460 integre
707 1366 884 1461 percipere
909 1377 944 1439 et
968 1368 1003 1438 in
1031 1390 1117 1463 paca
1146 1368 1333 1464 possidere.
1369 1367 1462 1439 Etsi
1486 1389 1602 1440 comes

187 1494 232 1566 de
250 1493 368 1586 aliquo
384 1492 463 1583 jure
487 1487 647 1579 confidit,
673 1489 738 1560 hoc
759 1488 795 1560 in
820 1490 991 1584 presentia
1017 1492 1153 1564 comitis
1180 1501 1215 1564 et
1239 1491 1483 1564 canonicorum
1510 1493 1601 1564 beati

186 1617 320 1690 Alherti
345 1613 547 1688 auctoritato
568 1621 684 1686 nostra
706 1615 920 1704 cognoscatis
942 1625 976 1687 et
992 1617 1085 1708 juste
1105 1617 1161 1688 vel
1190 1616 1414 1689 amicabiliter
1441 1616 1602 1690 determi-

187 1741 291 1813 netis.
316 1740 390 1812 Sub
410 1739 533 1812 eadem
555 1738 659 1808 etiam
687 1735 852 1810 fidelitate
877 1739 978 1810 vohis
1007 1739 1160 1812 districta
1184 1739 1395 1834 precipimus
1421 1748 1460 1811 ut
1486 1740 1601 1812 virum

189 1865 340 1937 nohilem
355 1863 569 1934 Walramum
587 1861 632 1934 de
645 1861 807 1953 hlontjoie
824 1883 869 1934 ex
888 1871 984 1957 parte
997 1873 1113 1936 nostra
1127 1863 1309 1936 efficaciter
1328 1863 1501 1936 inducatis
1517 1886 1605 1957 qua·

188 1998 292 2062 tonus
321 1989 397 2083 ipse
430 1986 581 2080 deponat
606 1995 641 2058 et
668 1984 830 2059 emendet
857 2008 999 2080 gravem
1022 1997 1057 2060 et
1082 1988 1271 2060 inauditam
1298 1988 1459 2080 iujuriam
1497 2010 1602 2082 quam

190 2112 346 2208 predicta
364 2111 509 2184 ecclesia
528 2119 643 2182 nostra
659 2110 751 2182 beati
769 2109 897 2183 Alberti
914 2112 1061 2184 sustinet
1080 2112 1116 2182 in
1134 2113 1235 2186 honis
1253 2113 1327 2185 suis
1348 2113 1443 2208 apud
1461 2113 1547 2186 Olne
1569 2123 1604 2186 et

60 2221 61 2224 ¹
189 2239 302 2310 Soron
322 2258 384 2332 per
406 2234 615 2310 Lndwicum
639 2242 675 2306 et
700 2234 950 2308 Theodericum
976 2235 1197 2328 Monachum,
1223 2259 1372 2331 quorum
1398 2245 1543 2331 uterque
1566 2260 1604 2311 sc

190 2361 274 2434 lacit
294 2360 520 2448 aduocatum
543 2380 623 2431 cum
650 2359 767 2430 nullus
791 2359 840 2431 ibi
862 2360 970 2455 possit
995 2361 1052 2433 vel
1078 2359 1205 2434 debeat
1226 2383 1302 2434 asse
1323 2361 1514 2436 advocatus
1537 2363 1604 2434 nisi

191 2487 286 2558 solus
306 2484 394 2556 liber
411 2483 528 2572 homo,
547 2483 711 2556 videlicet
727 2483 960 2556 Theudoricus
977 2483 1023 2558 de
1041 2486 1195 2574 Hoffalis,
1211 2486 1405 2559 secundum
1422 2486 1606 2582 privilegia

192 2610 337 2684 ecclesie
356 2608 509 2704 predicte
526 2616 562 2682 et
586 2608 781 2704 principum
804 2609 940 2705 imperii
954 2607 1170 2682 senteutiam.
1188 2610 1287 2684 Unde
1300 2611 1607 2706 volumuspracise

192 2745 233 2805 ut
254 2733 436 2808 efficaciter
459 2732 620 2807 laboretis
637 2743 808 2828 quatenus
829 2733 922 2806 idem
940 2735 1133 2807 Walramus
1159 2744 1288 2810 tautam
1305 2737 1465 2829 injuriam
1491 2746 1526 2808 et
1550 2738 1604 2808 iu·

194 2856 350 2930 audium
372 2857 513 2930 omnino
528 2858 678 2952 deponat
693 2879 740 2930 ex
754 2867 852 2952 parta
866 2858 979 2930 sratris
997 2859 1052 2929 sui
1067 2858 1167 2931 ducis
1182 2857 1227 2930 de
1239 2850 1414 2953 limburg,
1436 2858 1602 2954 adquam

191 2980 386 3072 jurisdictio
400 2981 655 3054 communitatis
676 2990 764 3054 terre
781 2981 875 3084 illius
891 2981 1107 3075 dignoscitur
1124 2981 1304 3077 pertinere.

243 3107 367 3180 Datum
384 3105 480 3201 apud
498 3157 675 3178 ......
687 3159 697 3197 ,
716 3105 749 3177 X
767 3105 932 3179 kalendas
946 3107 1028 3180 maii
1042 3105 1110 3203 (t).

249 3640 454 3749 Hauricus,
478 3643 739 3728 Romanorum
765 3671 851 3753 rex,
884 3655 1009 3728 ratam
1035 3646 1151 3730 hahet
1177 3647 1421 3730 donationem
1448 3675 1472 3731 ι
1500 3649 1605 3734 Mar·
1664 3675 1766 3773 warna

196 3773 345 3882 quardo
364 3775 512 3858 notario
536 3801 606 3860 suo
628 3775 850 3862 Eberhardo
877 3778 1006 3862 abbati
1028 3779 1076 3864 de
1099 3779 1403 3888 Salemfactam,
1424 3781 1605 3866 dedomo
1660 3786 1714 3828 2*
1700 3730 1785 3838 ¹⁴⁴²·

195 3930 314 4013 quam
342 3907 444 4015 apud
465 3907 614 3991 Ulmum
643 3909 804 4020 propriis
832 3920 961 4022 sumpt
945 3911 1048 3995 tibus
1075 3911 1252 3996 fundavit
1235 3923 1367 3996 tcum
1394 3915 1539 4025 capella
1570 3926 1607 3999 et

195 4045 303 4120 curte
320 4039 444 4122 eidem
463 4051 502 4123 ιι
486 4041 723 4124 ttinentihus.

281 4251 393 4332 (Edidit
405 4254 518 4330 laona
534 4253 729 4336 liderlllmp
746 4266 822 4334 ιιι;
838 4259 905 4321 coll.
920 4259 1068 4388 cumllbr.
1079 4259 1231 4339 diplomat.
1241 4261 1484 4339 Salemlt.,1‚‚cx
1496 4261 1520 4325 ι.
1538 4271 1608 4340 15⁵,

318 4362 665 4445 nuchtrolturlsrnh.)

1464 4552 1609 4568 --

237 4647 274 4724 (ι)
293 4650 377 4708 Deest
386 4653 450 4710 anni
463 4659 491 4712 et
502 4653 655 4714 indictionis
667 4658 786 4715 nota-lla
794 4662 916 4732 tompore
924 4663 1013 4717 autam
1025 4657 1069 4718 cui
1082 4659 1135 4719 hoc
1147 4659 1303 4720 mandatum
1314 4661 1464 4736 conveniat,
1477 4661 1513 4723 cl.
1524 4663 1608 4734 Qurx,

204 4749 259 4808 loco
270 4765 357 4823 supro
368 4751 461 4808 ιιιιιιο.
