4330 5914
184 632 282 692 linior.
302 629 363 709 lo]
633 623 828 687 HISTORIA
852 621 1144 686 IllPLOllll'l'lCtl.
1540 614 1596 676 751

186 764 371 860 diligenter
384 762 531 857 adjuves
544 771 584 836 ut
596 760 792 859 prebendas
803 781 884 832 suas
898 761 933 832 in
946 759 1101 856 predicta
1114 757 1198 832 villa
1213 755 1257 830 dc
1272 756 1396 828 Freren
1409 773 1489 830 cum
1506 752 1596 826 inte-

185 889 309 984 gritate
326 887 528 984 percipiunt.
551 886 587 960 Si
607 907 691 960 vcro
711 883 889 981 predictus
908 881 984 956 dux
1005 884 1061 956 vel
1082 881 1209 978 aliquis
1231 901 1290 956 eos
1314 878 1495 953 molestare
1516 896 1595 972 ple·

186 1014 383 1111 sumpserit,
400 1014 467 1088 boc
482 1011 528 1088 dc
543 1021 641 1110 parte
661 1019 776 1086 nostra
795 1019 830 1086 et
851 1010 1053 1084 auctoritate
1075 1007 1209 1106 imperii
1236 1005 1376 1080 firmiter
1392 1003 1543 1097 corrigas
1561 1009 1595 1074 et

188 1137 368 1212 defendas.

239 1579 445 1688 chricus,
469 1581 729 1682 Romanorum
755 1607 846 1690 rex,
874 1581 1103 1666 monasterio
1133 1582 1181 1664 de
1209 1579 1337 1664 Salem
1361 1577 1532 1662 concedit
1560 1586 1598 1662 et
1712 1592 1745 1688 ¹¹,

187 1713 388 1798 confirmat
419 1725 461 1798 ut
491 1716 526 1798 ei
552 1715 664 1798 liccat
688 1713 811 1800 facere
837 1716 1152 1800 commutationes
1177 1741 1265 1798 cum
1293 1713 1598 1825 quibuscumque

188 1849 273 1932 aliis
300 1848 463 1934 ecclesiis
494 1849 571 1932 sive
602 1849 718 1932 etiam
749 1877 838 1934 cum
862 1849 1172 1934 ministerialibus
1199 1849 1298 1954 suis,
1318 1847 1595 1959 burgensibus,

187 1981 409 2092 plebeianis,
426 1993 517 2090 etc,
533 1983 752 2094 eisdemque
768 1984 988 2070 hominibus
1006 1984 1085 2067 suis
1102 1983 1294 2066 licentiam
1311 1983 1483 2067 concedit
1495 1982 1597 2067 bona

187 2119 359 2227 ipsorum
384 2116 541 2202 mobilia
564 2117 624 2202 vel
646 2117 859 2203 immobilia
880 2119 1003 2204 eidem
1024 2119 1255 2202 monasterio
1274 2118 1463 2202 tradendi.

271 2329 396 2410 (incdit.
420 2349 460 2394 ex
485 2331 560 2394 libro
584 2333 719 2414 privileg.
747 2339 875 2396 monast.
903 2333 1048 2408 Salemlt„
1076 2335 1110 2395 in
1134 2331 1254 2396 archivo
1279 2331 1449 2410 Karion-uh„
1472 2333 1531 2396 vol.
1561 2333 1597 2406 1,

308 2437 426 2516 tusc,
449 2437 529 2520 rsa.)

238 2627 277 2698 ln
302 2629 442 2702 nomine
461 2637 579 2704 sancte
601 2639 637 2704 et
664 2628 846 2704 individue
870 2629 1055 2704 Trinitatis.
1077 2629 1260 2702 Hainricus
1285 2629 1452 2726 septImus
1477 2628 1597 2705 divina

188 2752 327 2828 favente
343 2754 523 2829 clementia
537 2755 767 2830 Romanorum
786 2777 852 2830 rex
867 2763 902 2830 ct
916 2775 1052 2852 semper
1068 2763 1251 2848 augustus.
1269 2755 1457 2850 Regnantis
1473 2755 1595 2851 procul

189 2877 299 2954 dubio
318 2887 401 2954 tunc
420 2880 526 2976 digne
547 2881 692 2956 thronus
708 2883 895 2975 extollitur,
921 2903 1000 2956 cum
1020 2880 1094 2975 regi
1110 2901 1232 2976 regum
1247 2879 1394 2954 solvitur
1410 2878 1506 2976 quod
1523 2877 1593 2952 de-

190 3005 304 3100 betur,
321 3007 383 3102 qui
400 3009 512 3081 aufert
530 3008 691 3104 spiritum
712 3009 908 3106 principum
934 3007 1097 3082 dominus
1123 3005 1386 3080 dominantium.
1408 3003 1592 3080 Credentes

190 3131 296 3227 igitur
306 3141 390 3208 tunc
402 3133 609 3231 propensius
622 3135 689 3230 ipsi
701 3135 924 3231 complacere,
939 3154 1018 3207 cum
1031 3133 1117 3206 locis
1128 3131 1384 3207 venerabilibus
1395 3139 1430 3204 et
1443 3130 1592 3204 maxime

191 3256 252 3330 ubi
268 3257 389 3354 religio
404 3259 638 3334 Cistercieusis
658 3260 791 3334 ordinis
807 3259 903 3354 viget
924 3259 1117 3332 screnitatis
1134 3265 1249 3332 nostre
1266 3257 1482 3332 clementiam
1502 3277 1595 3331 rese·

192 3403 327 3477 ramus,
352 3385 511 3481 exempla
541 3384 702 3459 divorum
735 3385 912 3480 quondum
938 3391 1164 3479 augustorum
1187 3393 1369 3479 parentum
1401 3391 1593 3456 nostrorum

192 3517 411 3602 venerantes,
432 3509 585 3584 maxime
599 3519 715 3584 autem
730 3509 863 3584 domiui
878 3517 913 3583 et
931 3509 1039 3606 patris
1064 3508 1170 3584 nostri
1191 3508 1404 3605 imperatoris
1421 3507 1593 3582 Frederici

192 3633 335 3708 secundi
352 3635 567 3710 clementiam
585 3643 770 3725 εοοὶευῑω,
790 3635 995 3710 monasterio
1013 3636 1059 3710 dc
1076 3635 1189 3709 Salem
1207 3635 1307 3728 cujus
1326 3634 1456 3707 famosa
1477 3631 1595 3729 opinio

191 3757 294 3854 longo
313 3760 453 3856 latoque
473 3759 599 3836 diffusa
621 3760 824 3854 dinoscitur,
848 3761 1069 3837 concedimus
1090 3768 1126 3834 et
1149 3759 1393 3834 confirmamus
1409 3758 1446 3830 in
1464 3779 1595 3855 perpe-

192 3891 290 3956 tuum
305 3893 346 3957 ut
360 3885 393 3957 ei
411 3885 512 3959 liccat
526 3886 638 3960 iacere
656 3887 937 3960 commutationes
955 3885 1030 3960 sive
1047 3885 1247 3960 concambia
1264 3906 1344 3957 cum
1362 3885 1594 3980 quibuscum-

192 4029 261 4101 que
274 4007 351 4080 aliis
364 4009 531 4104 ecclesiis,
545 4011 699 4086 maxime
710 4021 825 4085 tamen
839 4033 919 4086 cum
933 4010 1157 4108 biisquarum
1169 4010 1350 4086 advocatie
1361 4009 1406 4084 ad
1418 4031 1481 4083 nos
1493 4030 1593 4105 spec-

192 4137 265 4204 taro
290 4142 500 4228 noscuntur,
532 4135 608 4209 sive
632 4136 737 4208 etiam
766 4158 847 4209 cum
871 4136 1152 4210 ministerialibus
1174 4136 1317 4228 nostris,
1340 4134 1593 4230 burgensibus,

191 4255 381 4351 plebeianis
410 4259 467 4332 vel
492 4281 713 4356 quocumque
738 4261 960 4356 subjectionis
991 4263 1088 4336 titulo
1117 4261 1217 4334 nobis
1247 4259 1483 4334 attinentibus.
1513 4261 1597 4334 Item

193 4381 414 4456 concedimus
431 4391 467 4456 et
480 4383 702 4480 indulgemus
718 4394 758 4458 ut
773 4385 903 4461 eisdem
920 4409 1008 4482 quos
1023 4385 1238 4483 prediximus
1255 4386 1454 4461 homiuibus
1470 4386 1595 4460 nostris

191 4505 293 4580 liccat
309 4507 400 4582 bona
418 4531 482 4584 sua
505 4519 575 4585 tam
600 4512 742 4586 mobilia
762 4534 869 4609 quam
888 4511 1075 4586 immobilia
1097 4533 1159 4586 seu
1182 4534 1246 4609 pro
1269 4513 1379 4586 salute
1402 4511 1597 4587 animarum

192 4651 333 4706 suarum
349 4653 413 4707 scu
434 4656 497 4731 per
522 4636 759 4712 venditionem
781 4638 839 4712 vel
859 4638 963 4712 etiam
986 4637 1287 4712 commutationem
1306 4646 1494 4714 memorato
1513 4659 1598 4713 con·

193 4755 328 4832 tradere
343 4761 572 4856 monasterio;
590 4762 649 4838 eui
668 4762 772 4838 etiam
787 4785 850 4862 per
864 4762 955 4839 banc
971 4771 1086 4839 uosbc
1102 4763 1333 4839 concessionis
1347 4764 1603 4861 indulgentiam
