4466 5914
526 509 587 574 646
1025 507 1240 572 turbanter
1265 459 1438 572 securim
1750 507 1938 588 [trattati.

528 644 726 735 feudorum,
744 642 982 734 donationum,
1000 643 1276 739 privilegiorum,
1295 645 1477 738 regalium,
1498 645 1682 734 honorum,
1699 643 1857 718 omnium
1870 647 1942 719 offi-

529 771 662 846 ciorum
678 769 871 862 judicatus,
894 769 1134 844 tabellionatus
1153 779 1188 844 et
1206 771 1390 846 missorum
1413 772 1606 866 regiorum,
1628 771 1829 866 potestarie,
1851 791 1941 844 cou-

530 897 664 970 sulatus
677 904 712 970 61
726 903 957 967 monetarum.
976 893 1195 971 Privavimus
1214 896 1318 970 etiam
1333 895 1578 969 sententialiter
1596 893 1768 990 predictas
1785 893 1940 968 civitates

530 1029 565 1096 et
582 1021 678 1095 cives
694 1040 814 1093 carum
831 1019 883 1092 eis
898 1019 1060 1092 omnibus
1077 1041 1148 1113 que
1165 1029 1305 1116 possent
1321 1020 1371 1092 eis
1388 1041 1435 1092 ex
1451 1039 1538 1114 pace
1553 1018 1749 1092 Constamie
1768 1018 1939 1092 universis

529 1154 564 1220 et
581 1144 729 1238 singulis
752 1143 954 1240 provenire,
971 1165 1012 1216 ac
1026 1144 1147 1218 ueteris
1162 1145 1325 1218 omnibus
1343 1165 1413 1241 que
1428 1145 1474 1218 ab
1492 1143 1638 1242 imperio
1655 1165 1756 1218 6006
1778 1143 1940 1238 predictis

531 1269 797 1366 imperatoribus
820 1289 888 1342 avo
905 1277 940 1342 ct
953 1277 1051 1364 patre
1072 1278 1188 1343 nostro
1204 1279 1239 1343 et
1254 1270 1331 1344 aliis
1353 1269 1656 1366 predecessoribus
1673 1269 1798 1342 nostris
1820 1267 1939 1341 divine

529 1394 775 1472 recordationis
797 1393 955 1488 augustis
976 1416 1039 1468 seu
1057 1417 1081 1468 a
1097 1395 1196 1468 nobis
1213 1403 1345 1483 tenent,
1364 1394 1492 1468 hahent
1511 1415 1574 1470 sen
1589 1393 1785 1488 possident,
1804 1401 1865 1466 aut
1882 1401 1939 1464 te-

531 1529 698 1611 nuerunt,
717 1519 913 1592 hahuerunt
929 1541 993 1594 sen
1009 1520 1249 1615 possederunt.
1266 1522 1351 1594 ltem
1369 1519 1585 1617 privavimus
1606 1520 1805 1592 valvasores
1821 1525 1856 1590 et
1875 1537 1939 1589 ca-

531 1645 687 1742 pitaneos
705 1643 751 1718 ab
768 1642 958 1718 honoribus
977 1652 1012 1716 ct
1036 1643 1228 1738 specialiter
1249 1643 1295 1716 ab
1318 1643 1448 1718 honore
1467 1644 1704 1742 capitaneatus
1722 1652 1757 1716 et
1773 1643 1939 1716 valvaso-

531 1778 642 1858 ratus,
655 1777 695 1842 ut
708 1769 753 1844 de
763 1778 876 1842 cetero
888 1789 957 1842 uon
971 1769 1103 1862 possint
1116 1768 1186 1841 dici
1202 1789 1267 1842 nec
1282 1769 1453 1844 nominari
1466 1769 1636 1866 capitanei
1651 1789 1717 1842 nec
1727 1769 1935 1857 valvasores,

532 1902 568 1968 et
583 1893 805 1988 prohibemus
822 1893 908 1988 ipsis
925 1902 960 1968 et
976 1893 1054 1966 aliis
1071 1913 1116 1966 ne
1131 1893 1177 1968 66
1191 1902 1303 1968 cetero
1320 1894 1367 1968 ad
1381 1895 1466 1968 tales
1480 1895 1538 1968 vel
1553 1894 1639 1968 alios
1655 1895 1803 1966 honores
1815 1913 1939 1966 ascen-

533 2017 630 2092 dant.
642 2021 726 2092 ltem
740 2019 956 2114 privavimus
970 2041 991 2091 a
1005 2019 1152 2108 statutis,
1166 2019 1262 2114 quod
1274 2027 1401 2094 statuta
1414 2039 1484 2093 non
1496 2019 1637 2109 iaciant,
1652 2021 1739 2092 lacta
1748 2037 1936 2110 cessamus,

533 2151 569 2216 et
584 2142 680 2237 quod
702 2143 732 2216 si
750 2143 795 2218 de
819 2151 932 2216 cetero
949 2143 1109 2233 iecerint,
1131 2144 1207 2240 ipso
1217 2147 1296 2238 jure
1315 2143 1433 2218 inanis
1452 2153 1488 2218 st
1508 2144 1603 2218 irrita
1620 2153 1837 2218 censeantur.
1855 2145 1939 2216 ltem

533 2267 750 2363 privavimus
779 2289 838 2342 eos
864 2268 1026 2342 omnibns
1053 2268 1216 2362 legitimis
1240 2269 1391 2358 actibus,
1415 2269 1463 2342 ita
1488 2267 1586 2364 quod
1620 2290 1685 2342 nec
1708 2267 1859 2342 habeant
1880 2270 1939 2360 jus

531 2391 701 2484 testandi,
726 2391 945 2485 testificandi,
966 2392 1157 2485 alienandi,
1176 2392 1387 2468 succedendi
1403 2415 1450 2468 ex
1467 2402 1670 2468 testamento
1689 2393 1746 2466 vel
1762 2393 1807 2466 ab
1829 2391 1940 2466 intes-

530 2525 602 2590 tato
624 2539 689 2590 neo
705 2517 864 2613 capiendi
887 2539 933 2592 ex
959 2539 1064 2592 causa
1087 2518 1283 2594 donationis
1303 2519 1511 2594 interrivos
1530 2519 1587 2594 vel
1607 2540 1654 2592 ex
1674 2539 1781 2591 ceusu
1804 2517 1935 2605 mortis,

531 2645 645 2736 ajuro
669 2641 905 2716 codicillorum
926 2645 982 2717 vel
1003 2643 1072 2718 alio
1089 2645 1245 2740 quolibet
1261 2643 1379 2718 modo.
1398 2645 1442 2718 Et
1462 2644 1558 2740 quod
1580 2645 1656 2740 ipso
1674 2645 1753 2736 jnre
1772 2652 1938 2738 perpetuo

530 2767 600 2840 sint
615 2767 772 2859 infames,
790 2767 1051 2862 pronuntiantes
1066 2776 1254 2863 quoquest
1269 2769 1418 2864 presenti
1431 2769 1624 2844 sancientes
1637 2767 1752 2842 edicto
1768 2777 1806 2840 ut
1819 2789 1939 2842 omnes

531 2893 681 2966 lautores
695 2913 829 2982 eorum,
850 2893 1007 2967 civitates
1022 2902 1059 2967 et
1073 2894 1149 2968 loca
1166 2895 1223 2968 vel
1239 2894 1343 2969 ceteri
1358 2894 1420 2990 qui
1437 2895 1488 2968 eis
1506 2893 1551 2968 de
1570 2903 1684 2968 cetero
1700 2893 1861 2967 auxiliari
1882 2893 1938 2966 vel

528 3018 691 3092 associari
709 3026 910 3115 presumant
927 3019 983 3092 vel
1002 3017 1062 3092 alii
1083 3018 1145 3113 qui
1165 3017 1211 3092 60
1224 3019 1388 3113 predictis
1403 3019 1602 3094 civitatibus
1619 3019 1657 3092 in
1672 3026 1838 3114 potestate
1851 3037 1935 3090 con·

530 3144 698 3220 siliarium
714 3163 921 3216 assessorem
938 3150 1129 3232 assument,
1150 3141 1264 3216 eidem
1281 3143 1561 3218 condemnationi
1583 3152 1619 3217 61
1635 3143 1752 3218 banno
1768 3149 1804 3215 et
1819 3143 1937 3238 priva·

528 3269 614 3342 tioui
646 3268 859 3361 subjaceant.
887 3267 1027 3340 Scholas
1050 3276 1085 3341 et
1110 3267 1226 3342 studia
1248 3269 1294 3342 ab
1318 3269 1451 3344 eisdem
1475 3269 1674 3344 civitatibus
1699 3268 1883 3341 statuimus
1904 3275 1938 3340 et

524 3394 690 3488 jubemus
714 3399 879 3488 perpetuo
900 3392 1083 3466 removeri.
1108 3394 1272 3468 Doctores
1292 3403 1327 3468 ct
1350 3396 1498 3470 scolares
1518 3394 1580 3491 qui
1603 3402 1720 3468 contra
1746 3401 1937 3490 presentem

529 3515 807 3591 constitutionem
832 3525 984 3590 nostram
1007 3517 1043 3590 in
1059 3517 1192 3592 eisdem
1210 3519 1409 3594 civitatibus
1424 3528 1528 3615 atque
1547 3520 1632 3593 locis
1654 3519 1798 3605 dooere,
1823 3519 1938 3612 legere

527 3651 588 3718 601
613 3641 735 3716 audire
762 3643 1049 3738 presumpserint,
1075 3653 1242 3740 perpetua
1266 3645 1407 3718 infamia
1433 3645 1634 3720 denotantes
1657 3653 1691 3718 et
1715 3645 1760 3718 ab
1784 3643 1936 3718 advoca·

528 3767 648 3860 tionis,
667 3767 863 3860 judicatus,
883 3768 1122 3842 tabellionatus
1146 3769 1271 3842 officiis
1298 3777 1333 3842 et
1354 3770 1545 3844 honoribus
1564 3777 1599 3843 et
1619 3767 1779 3864 legitimis
1802 3767 1937 3840 actibus

525 3894 702 3990 privantes
719 3892 880 3978 eosdem.
899 3894 1088 3968 Statuimna
1110 3895 1252 3991 insuper
1269 3903 1307 3968 ut
1323 3895 1534 3990 quicumque
1556 3894 1650 3990 ipsos
1671 3893 1832 3968 bannitus
1854 3912 1937 3988 pre-

529 4019 638 4092 dictos
655 4025 689 4093 ot
712 4017 828 4092 hostes
846 4017 898 4117 (a)
916 4027 1050 4092 nostros
1074 4027 1110 4092 et
1130 4020 1274 4093 Romani
1299 4019 1433 4116 imperii
1456 4019 1637 4094 offenderit
1660 4019 1697 4090 in
1725 4017 1880 4116 personis
1901 4025 1937 4090 ct

525 4143 647 4236 rebus,
670 4141 844 4216 indemnis
865 4143 995 4218 exinde
1014 4143 1198 4238 habeatur,
1218 4155 1256 4218 ut
1277 4146 1373 4218 nullo
1400 4165 1556 4239 unquam
1584 4153 1738 4239 tempora
1754 4142 1864 4238 possit
1878 4141 1935 4214 vel

527 4267 651 4342 debeat
664 4267 709 4340 ab
726 4269 843 4363 aliquo
858 4269 1048 4342 conveniri.
1064 4269 1179 4356 Quare
1194 4269 1410 4344 universitati
1428 4277 1543 4344 vestre
1559 4267 1701 4341 tirmiter
1713 4267 1935 4365 precipiendo

525 4393 732 4468 mandamus
745 4407 917 4490 quatenus
932 4415 1052 4468 omnes
1067 4395 1223 4470 civitates
1244 4395 1415 4493 predictas
1433 4404 1468 4468 et
1486 4393 1696 4468 habitatores
1712 4413 1832 4467 aarum
1850 4400 1935 4465 tan-

563 4619 614 4740 (c)-
624 4662 660 4722 ln
673 4661 816 4740 impresso
828 4659 971 4738 lomina,
985 4663 1073 4726 male.
