4324 5912
692 573 818 636 lanitii
843 575 1191 645 DOCUMENTORUM.

656 921 706 966 ree
725 905 851 970 Sanctae
873 913 1062 988 conqueritur
1082 911 1163 990 quod
1181 913 1245 988 ipse
1264 909 1458 972 christianum
1480 907 1642 968 exercitum

655 1005 792 1081 pollicitis
805 1007 951 1082 ieiellerit,
960 1025 1123 1086 graveque
1133 1007 1304 1086 superaddit
1316 1008 1412 1068 mines
1423 1004 1504 1082 quod
1515 1003 1554 1063 ad
1567 1002 1643 1062 elec·

656 1103 750 1162 tiones
773 1106 962 1165 ecelesiarum
980 1107 1012 1165 ln
1031 1123 1121 1184 regno
1142 1109 1207 1183 ejus
1226 1105 1393 1166 vacantium
1411 1116 1518 1162 manus
1537 1105 1642 1160 exten·

657 1197 748 1273 derlt;
759 1201 950 1280 ‘privilegium
968 1205 1191 1264 renuntiationis
1205 1203 1285 1280 quod
1300 1200 1391 1261 edidit
1404 1203 1563 1276 memprat‚
1576 1211 1643 1256 mo-

657 1301 766 1374 netque
779 1305 814 1359 ut
827 1314 846 1359 2
858 1305 940 1360 12212
953 1302 1115 1361 temeritate
1129 1301 1262 1365 desistat.
1299 1333 1302 1338 ·
1522 1335 1529 1348 ·
1587 1302 1644 1354 220

255 1392 349 1447 sete
422 1389 571 1452 12122221.
616 1421 657 1436 -
675 1395 903 1474 Arohlepisoopo
915 1395 1134 1476 Mogontinensi
1148 1403 1178 1458 et
1188 1393 1426 1458 ministerialibus
1437 1391 1573 1454 molestae
1583 1391 1646 1452 Hil-

262 1472 337 1544 ”Pt-
656 1489 854 1555 densemensis
867 1495 1195 1556 seribltseeleetionem
1210 1501 1240 1555 et
1253 1493 1507 1556 continuationem
1520 1489 1646 1552 Gonredl

656 1589 874 1663 poenitentiarii
883 1594 930 1652 sui
941 1592 979 1654 ed
992 1592 1070 1653 hanc
1084 1592 1184 1653 sedem
1197 1598 1292 1652 ratem
1305 1590 1424 1652 12212222.
1456 1597 1526 1664 tao,
1539 1595 1602 1648 not.
1614 1595 1644 1646 2.

242 1703 358 1760 tenos.
422 1697 570 1761 laterani.
617 1733 657 1746 -
677 1702 826 1766 Friderlco
839 1707 1039 1768 Romanorum
1054 1709 1222 1786 imperatori
1235 1706 1381 1767 infelicem
1390 1707 1536 1767 exercitus
1550 1703 1645 1764 chris-

656 1799 731 1858 tlenl
754 1817 856 1862 222222
875 1803 1051 1880 exprobrat,
1070 1819 1159 1882 quem
1182 1803 1239 1862 sibi
1264 1804 1352 1862 etiam
1371 1802 1458 1861 multi
1481 1802 1643 1878 imputent,

656 1913 751 1974 22222
776 1901 863 1960 121122
885 1901 1055 1961 diletionem
1075 1913 1229 1978 processus
1254 1899 1414 1981 postulanti
1440 1913 1553 1958 morem
1577 1912 1645 1974 ges·

657 1995 746 2066 serit;
764 1993 897 2058 1222121222
916 1997 1027 2059 adhoc
1046 1995 1228 2076 vituperium
1238 1995 1302 2057 Deo
1320 2003 1350 2057 et
1366 1993 1536 2056 hominibus
1556 1996 1645 2054 22112-

656 2087 792 2153 iaciendo
813 2093 1006 2170 diluendum,
1021 2113 1143 2156 monens
1163 2094 1286 2172 quodsi
1307 2095 1395 2154 nimis
1413 2095 1535 2154 22221222
1553 2093 1645 2170 egerit

655 2189 711 2264 ipsi
724 2189 846 2252 ulterius
859 2209 977 2268 parcere
990 2210 1049 2252 non
1063 2193 1168 2270 poterit
1177 2209 1185 2264 ;
1194 2191 1344 2268 mittitque
1356 2189 1395 2251 ad
1407 2205 1476 2250 eum
1490 2187 1644 2252 Nicolaum

656 2285 858 2348 Tusculanum
871 2291 1052 2366 episcopum,
1068 2289 1254 2366 Apostolieao
1266 2287 1350 2348 Sedis
1362 2287 1504 2364 legatum.
1585 2293 1643 2344 222

230 2427 599 2453 ············
615 2432 656 2443 -
675 2399 853 2480 Episcopum
867 2403 1067 2464 r[asculanum
1081 2409 1181 2464 monet
1193 2409 1228 2463 ut
1240 2401 1267 2462 21
1280 2417 1383 2462 revera
1393 2400 1560 2463 interiens
1571 2399 1645 2460 Ter·

580 2481 583 2493 ’
656 2485 876 2562 2228222122
894 2519 1062 2579 recuperare
1075 2502 1217 2572 voluerit,
1232 2500 1313 2560 hunc
1332 2498 1370 2560 ed
1384 2499 1563 2576 colloqmom
1576 2513 1645 2558 cum

656 2610 688 2653 22
701 2596 765 2671 ipso
779 2599 969 2674 quamcitius
986 2599 1158 2660 habendum
1175 2597 1311 2668 inducet,
1327 2595 1465 2675 idemque
1480 2598 1591 2656 interce
1607 2595 1647 2654 ad

656 2691 872 2768 expeditionem
887 2693 1064 2756 movendam
1076 2711 1111 2756 eo
1126 2695 1173 2754 die
1187 2707 1275 2772 22222
1289 2694 1473 2753 constituerit
1493 2693 1646 2752 universos

656 2788 771 2864 imperii
787 2793 909 2868 populos
923 2795 1041 2852 excitet.
1445 2798 1515 2863 222,
1531 2795 1595 2848 221.
1613 2797 1643 2848 2.

230 2931 600 2958 ············
617 2933 657 2945 -
677 2903 721 2964 Di
734 2904 879 2982 legatione
892 2906 931 2966 od
943 2907 1124 2970 Frisiorionm
1137 2925 1156 2968 2
1167 2925 1199 2970 22
1217 2909 1307 2968 missa
1321 2906 1474 2966 universos
1487 2903 1645 2966 occidentis

657 3001 808 3078 episcopos
825 3005 963 3065 certiores
980 3004 1066 3078 iacit,
1090 3021 1214 3066 monens
1232 3011 1267 3066 21
1286 3002 1411 3082 populos
1428 3001 1539 3062 eisdem
1561 3015 1645 3060 eom-

657 3099 764 3158 mlssos
784 3099 824 3160 ed
848 3100 1013 3162 subsidium
1034 3104 1141 3164 Terrae
1162 3103 1285 3164 Sanctae
1306 3101 1460 3164 ferendum
1485 3097 1644 3158 exhorten-

243 3177 356 3254 latta
657 3200 716 3256 tur.
1445 3205 1516 3276 222,
1532 3200 1593 3256 not
1614 3204 1642 3257 2.

230 3311 366 3386 2222211.
431 3307 558 3374 1122112.
618 3345 658 3358 -
678 3313 798 3392 Pelagio
804 3313 966 3378 Albanensi
980 3313 1322 3393 episcopo,'llpostolloae
1332 3313 1417 3377 Sedis
1429 3315 1536 3393 legato,
1546 3312 1648 3374 scribit

658 3423 706 3485 22,
726 3408 873 3486 colloquio
891 3426 986 3486 nuper
1003 3427 1072 3472 eum
1089 3411 1237 3472 Friderloo
1254 3411 1454 3472 Romanorum
1471 3412 1647 3486 imperatore

657 3504 696 3564 de
714 3504 802 3566 rebus
822 3507 930 3568 Terrae
944 3507 1070 3568 Sanctae
1087 3507 1250 3586 celebrato,
1270 3508 1350 3568 eliud
1368 3507 1549 3584 colloquium
1567 3505 1648 3582 apud

657 3599 807 3662 Veronem
820 3604 897 3664 eirca
913 3601 1019 3664 testum
1032 3603 1114 3664 Beati
1127 3603 1247 3664 ldnrtlni
1260 3601 1418 3676 indixissep
1437 3601 1475 3662 ad
1494 3599 1576 3678 quod
1596 3603 1645 3662 ln-

659 3697 796 3758 vitsndos
817 3699 947 3760 decernit
967 3701 1135 3762 Jolrnnnem
1157 3699 1458 3777 Hierosolymltunum
1478 3703 1577 3776 regern
1600 3701 1647 3776 ip-

658 3811 785 3872 sumque
807 3797 977 3875 Pelagium,
997 3801 1023 3860 21
1045 3801 1159 3876 possirot
1178 3800 1242 3860 alne
1264 3798 1371 3858 damno
1390 3813 1409 3858 a
1425 3799 1517 3858 Terre
1538 3798 1648 3859 Sancte

658 3892 776 3967 abesse3
791 3895 973 3956 Frlderieom
983 3898 1104 3974 insuper
1118 3897 1267 3974 Jnrovuse
1284 3896 1362 3973 quod
1379 3898 1435 3956 iter
1452 3898 1571 3972 arripiet
1585 3903 1646 3956 ter-

657 3992 738 4052 mino
754 4009 843 4068 quem
856 3995 964 4054 212212
978 3995 1127 4070 praedicto
1139 3993 1286 4071 colloquio
1299 3995 1363 4054 2122
1377 3995 1455 4054 eirea
1467 3992 1646 4070 colloquium

656 4091 714 4164 ipsi
728 4089 951 4167 praeligendum
964 4091 1092 4151 duxerit.
1263 4137 1266 4144 .
1586 4097 1644 4150 242

238 4196 367 4272 1’12211
440 4193 546 4259 Δ12121.
616 4233 657 4248 -
676 4205 890 4282 Monesterium
914 4205 1015 4265 Sancti
1033 4199 1180 4266 Dominlcl
1203 4207 1382 4266 monesterlo
1400 4204 1577 4266 Caseemaril
1596 4205 1646 4264 in·

656 4303 872 4378 eorporandam
882 4307 972 4381 Juxta
984 4310 1114 4365 tenorem
1128 4305 1273 4383 privilegii
1289 4303 1430 4365 Frlderici
1445 4303 1645 4363 Romanorum

245 4378 358 4458 1225
655 4400 840 4475 imperatoris
853 4400 1018 4462 confirmet.
1444 4407 1514 4473 227,
1530 4403 1594 4458 221.
1614 4405 1642 4458 1.

226 4486 365 4572 W
422 4513 570 4576 latereni.
618 4547 657 4557 -
677 4515 747 4574 Jura
762 4509 1643 4594 2221221220221221221222121122212122221222222221122221,

655 4611 832 4673 interdicens
845 4629 882 4674 ne
895 4616 943 4674 cul
952 4615 1090 4675 ecclesiae
1098 4615 1161 4690 ejus
1171 4614 1327 4672 canonicos
1337 4613 1400 4671 2122
1411 4623 1567 4670 conversos
1575 4607 1645 4668 abs·

658 4723 715 4785 que
722 4710 786 4787 elus
794 4726 938 4774 consensu
947 4712 1033 4774 liceat
1039 4710 1078 4773 ad
1084 4711 1304 4772 conversionem
1312 4709 1449 4786 recipere.
1464 4712 1644 4782 919‚not.i.
