4330 5914
211 566 310 628 ime.
330 560 390 646 rs]
658 559 856 622 nrsronm
881 557 1175 620 nrrnonarrcs.
1564 563 1622 624 oar

210 696 384 802 indulta,
404 694 455 776 ad
471 693 749 776 revocationem
766 692 981 776 ablatorum
1008 691 1219 801 plenariam
1249 695 1283 776 ei
1310 697 1519 780 concedens
1546 723 1626 806 po—

212 839 401 914 esuum.

292 1062 409 1140 (notan
427 1060 512 1122 Nom
530 1057 711 1133 Genesar,
725 1058 948 1119 omonimum
960 1055 995 1118 de
1008 1053 1038 1116 lu
1050 1054 1175 1118 nullm
1188 1057 1222 1118 de
1235 1059 1377 1120 Prwence
1388 1077 1429 1120 ou
1444 1060 1491 1121 roi
1502 1077 1581 1139 pour
1594 1057 1624 1120 lu

331 1167 493 1228 ramma
506 1163 554 1225 dor
566 1166 662 1226 mtto
675 1163 710 1226 de
722 1183 775 1226 soa
788 1161 909 1240 moscii,
920 1179 1052 1242 potua,
1067 1181 1097 1240 p.
1111 1172 1148 1224 52
1167 1163 1258 1243 (Arx,
1276 1173 1367 1240 toas,
1383 1164 1471 1244 rare),
1484 1183 1522 1226 ex
1540 1169 1626 1243 copto

334 1272 504 1334 authemtca
526 1273 557 1330 ln
576 1273 701 1350 registro
721 1287 980 1349 pergamenorum,
999 1270 1050 1328 fot.
1075 1279 1123 1330 19.
1143 1301 1184 1314 -
1197 1269 1271 1330 Coll.
1287 1287 1355 1330 cum
1375 1272 1466 1332 altera
1479 1274 1561 1348 copta
1574 1288 1624 1350 ap.

334 1379 420 1439 Liore
432 1375 498 1437 θοι·
509 1374 544 1437 de
557 1373 689 1436 emes.
705 1373 831 1444 roras,
845 1386 879 1436 n⁰
893 1385 942 1448 so,
957 1378 988 1435 ln
1002 1375 1082 1435 arch.
1100 1375 1238 1452 praesset.
1256 1377 1381 1450 blaesil,
1395 1377 1543 1438 maculata
1556 1394 1626 1438 vero

334 1489 365 1545 et
374 1483 552 1562 qubusdam
565 1483 637 1544 locls
645 1483 834 1558 oblitterata.)

266 1697 304 1767 ln
325 1694 464 1768 nomine
482 1701 600 1766 sancte
618 1702 654 1766 et
671 1691 856 1765 individue
876 1690 1059 1763 Trinitatis.
1084 1690 1287 1762 Fredericus
1307 1690 1483 1764 moundus
1505 1689 1626 1762 divina

217 1821 356 1894 favente
372 1817 551 1890 clementia
568 1817 753 1912 imperator
768 1816 1013 1906 homanorum,
1033 1835 1169 1910 semper
1186 1824 1367 1908 angustus,
1386 1815 1569 1888 Ierusalem
1592 1824 1627 1888 et

217 1945 333 2017 Sicilie
346 1965 423 2017 rex.
439 1942 583 2016 Romani
598 1941 765 2038 principis
780 1941 879 2013 lavor
893 1939 1067 2012 extollitur
1083 1950 1119 2012 et
1135 1939 1320 2034 imperialis
1334 1938 1441 2032 gloria
1460 1937 1628 2031 dignitate

219 2070 321 2163 longe
336 2069 474 2162 lateque
491 2068 607 2140 rutilat
627 2075 663 2139 et
680 2074 854 2148 coruscat,
876 2087 956 2137 cum
981 2064 1028 2138 ad
1050 2064 1209 2138 emeritas
1234 2073 1268 2136 et
1294 2063 1440 2136 illustres
1465 2083 1627 2159 personas

218 2191 386 2267 beneficia
409 2213 473 2264 sue
496 2190 710 2264 liberalitatis
732 2189 889 2263 extendit
906 2197 941 2262 et
960 2187 1108 2261 subditis
1126 2189 1199 2260 suis
1222 2185 1363 2279 adjura
1384 2187 1525 2282 propria
1545 2209 1627 2258 con·

219 2317 391 2390 servanda
410 2324 536 2388 statum
553 2336 673 2388 eorum
691 2312 928 2386 munificentie
948 2335 1011 2386 sue
1028 2312 1130 2386 donis
1147 2312 1342 2384 corroborat
1356 2319 1391 2383 et
1406 2319 1625 2404 augmentat,

219 2440 399 2535 presertim
420 2460 510 2534 quos
529 2439 683 2512 Romano
702 2437 846 2532 imperio
871 2445 1003 2510 constat
1022 2437 1067 2510 ab
1094 2437 1226 2510 oviset
1249 2435 1388 2530 proavis
1411 2433 1629 2508 fidelissimos

220 2564 387 2636 extitisse.
406 2563 457 2636 Ea
478 2571 617 2658 propter
634 2561 770 2634 noverit
789 2571 858 2633 tam
882 2583 1021 2657 presens
1038 2571 1232 2634 nostrorum
1256 2558 1412 2632 fidelium
1433 2569 1507 2632 etas
1522 2580 1628 2654 quam

220 2691 334 2760 lutura
355 2686 536 2782 posteritas
557 2685 654 2780 quod
678 2685 904 2782 Raymnndus
925 2686 1151 2780 berengarius
1174 2705 1290 2758 comes
1311 2693 1350 2756 et
1370 2683 1522 2756 marchio
1546 2685 1628 2756 Pro-

220 2810 335 2882 vincie
346 2819 381 2883 et
391 2831 507 2882 comes
517 2809 759 2902 Forcalquerii,
772 2809 919 2882 dilectus
933 2808 1046 2882 affinis
1057 2817 1092 2880 et
1108 2807 1220 2882 fidelis
1234 2815 1361 2896 noster,
1374 2827 1435 2900 per
1444 2806 1628 2901 specialem

220 2934 380 3006 nuntium
403 2933 598 3008 celsitudini
622 2943 736 3006 nostre
752 2934 876 3006 devote
893 2942 928 3006 et
943 2932 1119 3007 humiliter
1137 2930 1347 3026 supplicavit
1369 2940 1541 3024 quatenus
1565 2953 1628 3004 co-

221 3060 377 3130 mitatum
394 3066 430 3131 et
442 3057 715 3130 marchionatum
729 3058 908 3130 Provincie
924 3066 959 3130 et
971 3057 1170 3129 comitatum
1184 3054 1428 3148 Forcalquerii,
1444 3055 1533 3127 sicut
1548 3076 1626 3150 pre·

222 3181 418 3253 decessores
435 3180 490 3252 sui
509 3201 629 3252 eornm
645 3182 858 3277 temporibus
871 3179 1112 3276 possederunt,
1130 3200 1194 3252 nec
1209 3200 1279 3250 non
1301 3178 1483 3272 privilegia
1503 3178 1627 3273 prede·

222 3325 395 3378 cessorum
412 3313 658 3378 nostrorumst
674 3304 876 3379 donationes
896 3327 1016 3378 eorum
1034 3305 1308 3378 antecessoribus
1322 3302 1455 3376 comitis
1472 3302 1628 3394 ejusdem

222 3429 396 3519 indulcta‚
424 3439 526 3524 prout
548 3430 585 3500 in
608 3451 727 3502 eornm
755 3430 946 3525 privilegiis
975 3430 1186 3519 continetur,
1208 3428 1253 3501 de
1274 3437 1389 3500 nostra
1406 3426 1629 3520 dignaremur

221 3550 331 3644 gratia
352 3549 566 3623 confirmare.
588 3553 657 3625 Nos
680 3553 784 3647 igitur
801 3552 1016 3626 attendentes
1039 3552 1258 3626 devotionem
1274 3573 1315 3624 ac
1337 3548 1441 3622 fidem
1460 3550 1630 3622 sinceram

221 3695 286 3746 nec
302 3694 372 3746 non
389 3682 425 3746 et
438 3673 549 3747 ardua
564 3676 705 3750 servitia
721 3678 856 3750 comitis
869 3677 1059 3768 memorati,
1071 3699 1141 3770 que
1158 3677 1259 3750 nohis
1272 3684 1308 3748 et
1318 3677 1471 3747 Romano
1485 3675 1631 3770 imperio

221 3797 380 3870 exhihuit
396 3804 431 3870 et
448 3798 590 3872 exhibet
610 3799 819 3873 incessanter
838 3824 880 3874 ao
903 3803 938 3872 in
957 3810 1057 3874 antea
1083 3802 1208 3896 poterit
1222 3799 1388 3872 exhihere
1402 3798 1566 3891 gratiora,
1585 3800 1631 3872 de

221 3919 338 3992 innata
357 3919 458 3992 nobis
477 3919 682 3995 liberalitate
699 3922 943 3996 confirmamus
959 3925 992 3997 ei
1012 3932 1047 3996 et
1064 3923 1251 3996 heredibus
1269 3922 1344 4013 ejus
1365 3921 1401 3992 in
1422 3930 1629 4016 perpetuum

220 4043 418 4115 comitatum
439 4052 474 4116 et
497 4045 769 4118 marchionatum
793 4049 971 4121 Provincie
996 4058 1031 4122 et
1069 4048 1267 4121 comitatum
1292 4045 1520 4139 Forcalquerii
1548 4067 1629 4117 cum

221 4168 433 4262 pertinentiis
446 4168 537 4262 suis,
551 4171 845 4264 quemadmodum
858 4182 1016 4268 parentes
1033 4182 1068 4244 et
1083 4171 1339 4268 predecessores
1355 4169 1410 4241 sui
1422 4168 1574 4240 tenuisse
1594 4178 1631 4241 et

221 4289 415 4384 possedisse
439 4303 650 4386 noscuntur3
672 4295 702 4366 si
726 4318 796 4389 que
817 4319 900 4369 vero
928 4295 972 4369 de
995 4295 1190 4368 tenimentis
1211 4304 1246 4366 et
1264 4293 1402 4386 juribus
1426 4290 1629 4364 eorumdem

222 4414 446 4488 comitatuum
462 4437 525 4511 per
541 4416 662 4490 dolum
679 4429 740 4492 aut
756 4421 943 4516 potentiam
961 4421 1107 4513 alicujus
1125 4417 1357 4492 universitatis
1373 4416 1430 4488 vel
1445 4415 1630 4509 cujuslibet

222 4539 356 4632 private
383 4561 529 4634 persone
554 4554 743 4616 noscuntur
766 4545 871 4619 luisse
897 4545 1089 4632 subtracta,
1120 4543 1166 4617 ad
1199 4541 1451 4616 revocationem
1477 4541 1631 4637 ipsorum

224 4659 348 4734 damus
372 4662 486 4736 eidem
514 4665 631 4739 comiti
655 4669 843 4764 plenariam
868 4679 1082 4766 potestatem.
1104 4667 1352 4742 Confirmamus
1372 4666 1516 4762 insuper
1541 4666 1573 4738 ei
1598 4674 1633 4736 et

321 4786 362 4848 ΙΙ.
377 4802 459 4849 rma
1434 4799 1473 4850 86
