4326 5910
517 565 580 628 rar.
1048 565 1218 628 uunnrcr
1245 563 1413 627 surrrnr
1746 565 1827 646 [aar.
1844 553 1929 630 raaa'

522 700 722 794 infeodatis,
740 701 1034 794 ministerialibus,
1050 701 1247 799 oppidanis,
1264 701 1397 796 totique
1410 699 1540 774 lamilie
1560 697 1775 774 Gorbeiensis
1790 703 1933 777 ecclesie

520 827 666 921 gratiam
682 848 781 900 suam
796 835 830 900 et
841 849 943 902 omno
956 828 1100 902 bonum.
1117 825 1338 902 Universitoti
1355 833 1469 900 vestre
1482 823 1651 897 duximus
1664 824 1931 920 significandum

519 951 617 1046 quod
641 973 756 1025 coram
777 953 878 1026 nobis
903 975 983 1026 cum
1012 953 1245 1048 requireretur
1274 951 1310 1024 in
1335 951 1517 1044 sententia,
1536 950 1726 1024 venerabili
1753 951 1870 1026 abbati
1887 955 1929 1026 Η.

520 1076 714 1150 Corbeieusi
731 1079 840 1152 electo
857 1079 1031 1173 requisitis
1048 1078 1211 1151 omnibus
1238 1076 1352 1150 extitit
1379 1075 1618 1171 adjudicatum
1645 1075 1740 1171 quod
1767 1077 1932 1154 universa

519 1203 630 1276 officia
647 1204 791 1277 ecclesie
809 1226 873 1277 sue
890 1205 1095 1300 pertinentia
1110 1211 1236 1276 vacent
1250 1212 1286 1276 et
1302 1201 1348 1274 ad
1365 1213 1490 1275 nutum
1506 1223 1610 1274 suum
1625 1202 1694 1275 siut
1706 1203 1928 1295 instituenda,

518 1330 674 1426 exceptis
699 1339 848 1425 quatuor
869 1330 992 1404 officiis
1014 1329 1284 1426 principalibus,
1303 1349 1452 1423 quorum
1468 1328 1560 1401 bona
1583 1327 1713 1400 nullius
1725 1328 1860 1422 justitie
1875 1329 1931 1402 vel

518 1455 644 1528 astutia
665 1453 861 1529 interventu
880 1456 926 1529 ab
951 1454 1036 1551 ipsis
1054 1452 1176 1528 officiis
1193 1463 1355 1550 poterunt
1371 1451 1535 1544 alienari,
1554 1451 1852 1549 officiatorumque
1870 1451 1930 1526 lilii

517 1579 669 1653 seniores
691 1588 726 1653 et
747 1581 891 1676 legitimi
920 1589 1057 1676 patrum
1081 1578 1268 1654 succedent
1291 1577 1412 1652 officiis
1433 1579 1535 1673 pleno
1553 1579 1645 1671 jura.
1671 1578 1800 1652 Verum
1826 1578 1931 1651 etiam

369 1811 370 1814 Ἴ
516 1704 613 1802 quod
636 1705 673 1778 in
690 1706 906 1799 civitatibus,
932 1705 1071 1803 oppidis
1091 1713 1127 1778 et
1146 1704 1239 1778 villis
1260 1703 1476 1800 campsiones
1492 1703 1714 1778 denariorum
1735 1725 1806 1778 nou
1831 1700 1928 1795 fiant,

518 1831 584 1904 nisi
600 1831 645 1904 de
663 1853 834 1906 consensu
852 1839 886 1904 et
903 1831 1080 1905 voluntate
1100 1828 1348 1926 prenominati,
1368 1837 1403 1900 et
1428 1837 1566 1901 monela
1581 1827 1778 1900 nullatenus
1795 1837 1848 1902 eet
1863 1849 1931 1900 cu-

519 1955 647 2032 denda.
668 1957 887 2052 Quicumque
911 1955 1144 2029 ministerialis
1165 1954 1221 2027 vel
1241 1953 1409 2028 officiatus
1430 1971 1613 2050 personam
1636 1951 1768 2025 domiui
1791 1953 1847 2025 sui
1866 1973 1930 2026 ne-

519 2083 632 2177 quiter
649 2081 864 2177 insequendo
889 2083 947 2154 vol
976 2077 1186 2177 captivando
1209 2079 1267 2152 vel
1287 2075 1419 2175 perfide
1435 2075 1616 2173 spoliando
1640 2075 1835 2164 offenderit,
1853 2079 1929 2172 juro

519 2227 584 2279 suo
600 2205 727 2300 privari
743 2205 848 2279 debet
864 2213 899 2278 et
919 2204 1051 2294 officio,
1069 2203 1137 2275 nisi
1156 2201 1201 2275 dc
1219 2201 1452 2274 benivolentia
1472 2199 1639 2296 principis
1652 2199 1839 2274 relaxetur.
1859 2202 1929 2275 Da-

520 2352 616 2402 mum
634 2330 847 2424 quicumque
865 2329 973 2402 abbas
991 2328 1106 2402 dotem
1126 2327 1269 2400 ecclesie
1287 2327 1353 2399 uisi
1368 2325 1415 2400 de
1433 2345 1603 2399 consensu
1616 2333 1651 2398 et
1666 2326 1841 2399 communi
1860 2326 1928 2400 de-

518 2453 721 2528 liberatione
741 2453 884 2550 capituli
906 2454 961 2526 sui
979 2453 1203 2548 obligaverit,
1224 2450 1372 2526 creditor
1393 2449 1554 2524 abbatem
1575 2471 1808 2524 successorem
1826 2473 1928 2524 suum

518 2601 588 2654 nou
611 2579 753 2676 impetet
777 2599 842 2653 nec
865 2580 1011 2654 arctabit
1032 2579 1199 2674 exigente
1220 2579 1336 2672 rigore
1348 2577 1457 2673 juris,
1483 2561 1689 2673 cujusquam
1712 2575 1929 2673 obligationis

516 2707 574 2780 rel
589 2705 698 2780 debiti
717 2705 910 2782 occasione.
927 2706 1137 2782 Donationes
1151 2727 1364 2800 mansorum,
1382 2704 1619 2780 concessiones
1633 2703 1827 2798 leodorum,
1842 2703 1928 2778 obli·

516 2832 672 2928 gationos
691 2831 894 2930 pignorum,
916 2842 996 2907 ante
1018 2833 1187 2927 regalium
1208 2834 1440 2931 receptionem
1458 2833 1568 2920 lacte,
1585 2831 1707 2904 sintin
1723 2829 1857 2902 irritum
1875 2851 1928 2904 m·

515 2955 685 3030 vocanda.
711 2956 798 3030 Cum
815 2957 934 3052 itaque
957 2957 1118 3030 universa
1141 2957 1314 3054 predicta,
1338 2957 1490 3031 dictante
1514 2936 1713 3052 principum
1727 2963 1762 3026 et
1782 2954 1927 3027 oliorum

515 3091 716 3178 magnatum
734 3092 769 3155 et
786 3080 941 3156 fidelium
957 3083 1090 3178 imperii
1103 3084 1285 3171 sententia,
1303 3083 1372 3155 sint
1386 3080 1598 3173 confirmata,
1615 3080 1823 3154 mandamus
1838 3078 1928 3152 fide-

515 3207 603 3280 litati
617 3217 732 3280 ventre
744 3208 811 3280 sub
828 3227 917 3304 pena
935 3209 1044 3303 gratie
1059 3217 1175 3281 nostro
1192 3205 1334 3282 firmiter
1350 3207 1577 3304 precipientes
1589 3215 1761 3302 quatenus
1772 3225 1827 3296 eo,
1841 3205 1928 3276 sicut

516 3329 621 3406 fidem
652 3341 803 3406 verbam
831 3333 997 3408 coudecet
1024 3342 1059 3407 et
1088 3333 1325 3424 honestatem,
1353 3333 1472 3406 abbati
1498 3331 1736 3429 prenominato
1764 3339 1927 3424 tauquam

517 3455 659 3530 domiuo
678 3467 793 3531 vestro
813 3459 909 3533 illesa
931 3467 966 3532 et
987 3458 1122 3550 integra
1147 3457 1369 3532 conservetis.
1390 3456 1493 3542 Quod
1515 3456 1577 3552 qui
1604 3477 1675 3528 nou
1696 3453 1815 3528 lecerit
1836 3451 1929 3526 indi-

516 3581 713 3675 gnationem
745 3582 989 3680 omnipotentis
1012 3583 1076 3658 Dei
1101 3593 1285 3680 nostreque
1309 3582 1496 3676 majestatis
1525 3601 1668 3676 gravam
1695 3579 1862 3654 offensam
1891 3600 1929 3654 se

516 3705 653 3778 noverit
670 3681 900 3781 incursurum.

565 3831 691 3906 Datum
710 3832 806 3930 apud
822 3833 1035 3928 Wirzeburc,
1054 3835 1099 3908 lll
1117 3832 1284 3908 kalendas
1297 3832 1392 3927 julii,
1413 3830 1601 3904 indictione
1613 3831 1674 3904 Xl.

732 4153 1543 4166 Μ*α-ιι-ιι--ι-----ιη-σ---ι--
1552 4153 1711 4164 —u—o--u

570 4417 773 4524 Henricus,
809 4418 1069 4503 Romanorum
1098 4445 1184 4525 rex,
1215 4419 1401 4502 universis
1428 4417 1649 4503 oonsulibus
1680 4417 1718 4499 in
1750 4417 1929 4529 Thumgo

381 4517 453 4604 “3⁸³7
516 4553 676 4635 mandat
692 4563 735 4636 ut
751 4553 1009 4663 praepositum
1036 4561 1074 4636 et
1095 4552 1306 4663 capitulum
1332 4553 1504 4665 ejusdem
1522 4553 1595 4637 loci
1613 4561 1745 4637 contra
1761 4551 1928 4636 Ulricum

514 4685 765 4772 castellanum
783 4687 831 4770 de
850 4685 1140 4798 Scbuabelburg
1158 4695 1349 4772 tueantur.

2138 499 2141 644 l
