4466 5914
423 679 426 686 ,
548 583 609 645 630
1048 585 1260 648 lllllllsslllcl
1285 589 1462 652 snctttlbt
1772 594 1852 680 [llus.
1872 595 1956 658 lm

549 740 708 792 recenses
720 739 767 792 ex
785 719 889 793 altera
903 721 1129 816 compositum
1146 725 1260 796 extitit
1276 735 1312 798 et
1329 725 1502 799 firmatum
1518 734 1557 798 ut
1576 728 1843 824 privilegioque
1858 739 1958 806 utra-

550 865 620 938 que
634 865 713 938 pars
728 844 773 916 ab
786 845 1060 919 antecessoribus
1076 848 1202 920 nocuis
1219 849 1449 924 Romanorum
1466 851 1728 947 imperatoribus
1741 877 1803 927 seu
1817 855 1958 949 regibus

549 989 588 1042 se
604 970 732 1042 habere
747 968 886 1042 dicebat
901 969 948 1042 ad
962 970 1092 1043 curiam
1106 971 1285 1046 Abmunie
1299 974 1433 1049 deterre
1454 974 1598 1050 deberet
1614 987 1649 1050 ct
1665 999 1707 1051 ea
1725 979 1760 1050 iu
1773 979 1850 1074 ipsa
1862 980 1957 1052 curia

548 1102 755 1188 presentare,
777 1102 816 1165 ut
831 1091 1076 1189 perjudicium
1093 1095 1250 1187 ejusdcm
1269 1098 1364 1172 curie
1376 1096 1555 1172 videretur
1570 1123 1641 1194 que
1654 1101 1776 1196 pocius
1790 1124 1839 1176 ex
1853 1104 1953 1200 ipsis,

547 1217 689 1291 cassatis
711 1217 803 1310 aliis,
832 1218 998 1292 deberent
1021 1219 1213 1294 firmitatem
1241 1223 1374 1298 roboris
1393 1225 1560 1298 obtinere.
1587 1225 1715 1298 Verum
1736 1227 1821 1320 quia
1845 1226 1957 1300 dictus

546 1344 731 1440 episcopus
752 1343 799 1417 ad
825 1343 957 1416 curiam
981 1353 1194 1440 pretaxatam
1218 1348 1379 1440 accessit,
1398 1357 1434 1422 et
1450 1349 1590 1422 nemine
1610 1371 1672 1444 pro
1700 1361 1795 1444 parta
1817 1351 1957 1446 predic-

546 1477 660 1542 torum
684 1467 811 1540 civium
837 1467 873 1538 in
895 1467 970 1562 ipsu
995 1468 1351 1566 curiacompareuts‚
1375 1471 1455 1546 licet
1477 1471 1622 1566 quidam
1643 1495 1691 1546 ex
1714 1473 1850 1547 civibus
1875 1474 1957 1570 ipsis

547 1593 752 1666 accederent
769 1591 816 1666 ad
833 1593 990 1666 eamdem
1007 1593 1069 1688 qui
1084 1615 1149 1667 nec
1168 1595 1369 1669 mandatum
1389 1618 1454 1670 nec
1471 1598 1721 1692 procurationis
1742 1599 1871 1672 litteras
1896 1621 1957 1672 cs-

547 1720 751 1810 tendebant,
771 1729 807 1792 et
826 1741 939 1792 coram
959 1718 1094 1794 dilectis
1114 1721 1336 1818 principibus.
1354 1724 1479 1796 nostris
1502 1723 1758 1798 venerabilibus
1781 1724 1957 1800 Bmilicusi

546 1854 582 1920 et
595 1845 805 1919 lausanensi
821 1846 993 1942 episcopis
1011 1869 1052 1920 ac
1073 1849 1288 1921 lllorbacensi
1307 1849 1445 1941 abbate,
1464 1871 1553 1944 quos
1575 1849 1661 1944 ipsis
1677 1849 1839 1924 dedimus
1853 1850 1955 1924 audi·

546 1980 653 2064 tores,
680 1971 880 2067 exciperent
902 1973 985 2065 quia
1007 1971 1189 2067 privilegia
1215 1981 1402 2047 memorata
1427 1996 1496 2047 non
1517 1973 1585 2046 nisi
1605 1973 1641 2044 in
1661 1974 1757 2046 curia
1780 1974 1958 2048 Alemanie

546 2097 956 2189 ostenders'tcnebantur,
974 2096 1129 2170 dicentes
1143 2118 1213 2169 non
1227 2119 1303 2171 csse
1317 2099 1450 2173 curiam
1464 2098 1644 2172 Meuania
1661 2099 1721 2170 ubi
1738 2107 1851 2172 nostra
1868 2109 1957 2172 esset

546 2243 711 2318 persona;
735 2221 849 2294 dictus
871 2222 1053 2317 episcopus
1077 2225 1247 2316 majestati
1276 2233 1391 2298 nostre
1409 2233 1480 2296 tam
1505 2223 1631 2298 devote
1654 2247 1760 2318 quam
1784 2225 1958 2298 humiliter

546 2345 754 2440 supplicavit
772 2355 811 2416 ut
828 2344 969 2417 cassatis
991 2346 1128 2442 penitus
1150 2357 1185 2420 et
1204 2347 1343 2420 irritatis
1363 2347 1503 2421 omniuo
1519 2347 1710 2444 privilegiis
1726 2347 1856 2422 civium
1875 2369 1957 2442 prc-

547 2471 730 2560 dictorum,
748 2470 838 2542 sicut
853 2470 938 2542 alias
954 2470 990 2540 in
1005 2472 1241 2566 solempnibus
1258 2471 1438 2546 Alemanic
1450 2473 1556 2544 curiis
1573 2481 1692 2546 contra
1710 2494 1752 2546 ca
1771 2473 1886 2544 extitit
1898 2473 1956 2564 ju·

548 2596 718 2684 dicatum,
737 2603 840 2690 prout
857 2594 893 2665 in
911 2595 1047 2690 scriptis
1066 2595 1148 2668 inde
1166 2596 1330 2669 conlectis
1345 2597 1498 2669 noscitur
1520 2597 1707 2686 contineri,
1731 2595 1875 2668 ecclesie
1894 2617 1957 2668 sue

547 2721 730 2818 privilegia
752 2719 938 2815 benignius
957 2730 1136 2816 acceptare
1160 2730 1275 2794 nostra
1294 2721 1458 2794 serenitas
1475 2719 1676 2814 dignaretur
1692 2729 1727 2791 et
1749 2741 1790 2793 ea
1811 2721 1846 2790 in
1865 2729 1956 2792 statu
2001 2741 2007 2752 ·

547 2867 612 2919 suo
627 2844 784 2918 firmitate
801 2855 966 2940 perpetua
985 2846 1171 2919 consistere
1188 2845 1403 2940 juberemus.
1425 2849 1494 2920 Nos
1516 2857 1631 2919 autem
1648 2845 1956 2940 supplicationibus

547 2971 621 3045 suis
645 2991 733 3066 quas
764 2979 1010 3043 consentaneas
1033 2970 1188 3044 uidimus
1212 2972 1336 3045 rationi
1356 2971 1544 3066 benignius
1566 2969 1737 3062 inclinati,
1764 2969 1847 3066 quia
1871 2969 1956 3042 dicti

548 3098 644 3172 ciues
659 3117 723 3169 nec
737 3103 908 3168 venerunt
922 3115 985 3166 nec
1003 3094 1185 3190 privilegia
1202 3117 1280 3186 sua,
1297 3096 1387 3168 sicut
1404 3097 1492 3168 iuter
1505 3117 1565 3169 eos
1583 3103 1804 3188 convenerat,
1817 3093 1864 3167 ad
1878 3093 1956 3166 dic·

549 3232 618 3296 tam
637 3222 770 3294 curiam
787 3219 1060 3310 transmiserunt,
1079 3219 1195 3292 verbis
1208 3229 1321 3293 umen
1336 3221 1473 3294 illorum
1489 3220 1621 3294 civium
1634 3219 1881 3316 predictorum,
1894 3217 1956 3311 qui

547 3370 612 3421 nec
634 3345 835 3418 mandatum
850 3363 916 3415 uec
931 3343 1059 3416 litteras
1077 3345 1328 3439 procurationis
1352 3354 1391 3418 ut
1413 3345 1546 3420 dictum
1560 3354 1613 3418 cst
1629 3342 1873 3434 ostendebant,
1889 3341 1956 3413 lri-

546 3471 636 3546 volis
654 3469 791 3566 penitus
808 3467 985 3564 reputatis,
1007 3489 1086 3540 cum
1102 3468 1151 3540 ibi
1168 3469 1214 3541 sit
1231 3470 1410 3544 alemanie
1428 3471 1525 3544 curia
1540 3470 1603 3544 ubi
1621 3491 1768 3566 persona
1787 3475 1904 3542 nostra
1922 3475 1957 3540 et

546 3595 721 3694 principes
738 3593 874 3689 imperii
890 3593 997 3666 nostri
1015 3595 1225 3682 consistunt,
1246 3593 1292 3668 de
1309 3596 1453 3669 consilio
1471 3606 1506 3669 et
1525 3595 1740 3692 providentia
1759 3593 1955 3690 principum

547 3732 630 3795 tunc
643 3720 864 3793 existentium
882 3719 1063 3792 nobiscum
1082 3721 1118 3792 in
1138 3721 1234 3794 cuna
1248 3730 1454 3814 memorata,
1473 3721 1718 3794 sententialiter
1737 3719 1955 3794 decrevimus

545 3846 727 3946 privilegia
744 3845 914 3918 dictorum
933 3844 1064 3916 civium
1080 3865 1178 3918 cassa
1198 3843 1243 3918 de
1260 3857 1374 3920 oetero
1387 3855 1422 3919 et
1438 3845 1556 3919 inania
1574 3845 1744 3943 reputari,
1764 3841 1955 3942 privilegiis

545 3971 723 4047 memorati
741 3969 895 4064 episcopi
919 3977 954 4040 et
970 3969 1115 4042 ecclesie
1136 3991 1199 4044 sue
1221 3970 1476 4045 Cameracensis
1497 3972 1534 4043 iu
1556 3991 1622 4045 suo
1646 3972 1769 4045 robore
1788 3978 1955 4066 perpetuo

544 4097 733 4173 duraturis.
748 4097 799 4167 De
819 4093 951 4166 liberali
968 4115 1109 4188 quoque
1129 4105 1244 4169 nostre
1265 4093 1501 4172 munificentia
1516 4097 1702 4192 majestatis
1720 4095 1874 4170 volentes
1892 4095 1957 4168 Cu·

544 4243 777 4295 meraceusem
797 4217 976 4292 ecclesiam
992 4239 1014 4292 a
1032 4217 1203 4292 dictorum
1223 4220 1353 4294 civium
1379 4223 1544 4295 molestiis
1567 4231 1603 4296 et
1625 4219 1887 4317 gravaminibus
1909 4217 1955 4292 de

544 4355 657 4420 cetero
682 4345 869 4441 respirare,
890 4343 1019 4440 quibus
1045 4353 1188 4418 actenus
1208 4345 1254 4420 ab
1277 4345 1409 4420 eisdem
1430 4349 1568 4421 civibus
1588 4345 1821 4443 multipliciter
1842 4365 1955 4418 vexa·

543 4472 658 4562 batur,
678 4471 819 4542 tirmiter
839 4469 1037 4542 inhibemus
1060 4491 1105 4544 ne
1131 4493 1217 4545 sono
1239 4493 1406 4568 campane
1430 4473 1477 4547 ud
1495 4474 1647 4569 aliquam
1671 4470 1952 4546 convocationem

544 4595 675 4670 civium
702 4593 895 4668 laciendum
919 4593 1045 4668 amodo
1069 4597 1215 4692 predicti
1242 4598 1337 4672 cives
1365 4605 1506 4672 utantur
1529 4599 1587 4672 vel
1617 4597 1663 4672 ad
1687 4617 1810 4670 meum
1839 4595 1952 4692 ipsum

543 4721 728 4796 convenire
745 4728 955 4817 presumant.
973 4723 1025 4795 lle
1043 4743 1137 4795 mera
1153 4723 1365 4797 liberalitatis
1381 4734 1495 4798 nostre
1512 4723 1693 4798 clementia
1707 4729 1897 4795 statuentes
1915 4729 1954 4793 ut
