4324 5916
563 581 626 646 330
807 555 814 576 '
1094 579 1268 641 nsrnrcr
1294 580 1462 642 ssrrnrr
1790 585 1871 664 [ns
1890 587 1972 649 rma

644 715 767 790 (lnedlt.
789 731 827 776 ex
849 715 934 794 copia
953 729 1043 794 quom
1064 713 1249 792 ammaum
1269 715 1382 778 sustin
1402 719 1433 776 et
1454 717 1543 794 enlm
1563 731 1620 778 nos
1641 715 1799 780 ubemur
1820 721 1975 797 pordelpes

684 819 779 899 iecit.)

611 984 792 1058 Heinricus
809 981 976 1080 septimus
991 981 1112 1056 divina
1128 985 1267 1058 favente
1282 983 1463 1058 clementia
1474 985 1707 1058 llomanomm
1721 993 1833 1058 renat
1843 1007 1977 1084 semper

432 1111 438 1124 ‘
563 1117 746 1205 augustus.
766 1107 843 1194 Qus
865 1115 1032 1202 geruntur
1055 1108 1091 1181 in
1114 1117 1268 1205 tempore
1292 1109 1458 1182 labuntur
1482 1131 1562 1182 cnm
1580 1119 1751 1206 tempore,
1771 1113 1840 1185 nisi
1859 1112 1976 1208 scripti

562 1235 728 1309 memoria
748 1235 806 1307 vel
831 1255 919 1307 voce
942 1234 1079 1307 testium
1101 1233 1373 1330 perbennantur.
1399 1235 1549 1308 Noscant
1570 1233 1677 1328 igitur
1699 1247 1874 1331 presentes
1898 1258 1976 1310 oum

562 1360 707 1458 posteris
722 1360 866 1434 sormam
884 1358 1142 1454 compositionis
1158 1359 1282 1433 motam
1299 1359 1389 1432 inter
1403 1359 1565 1433 abbatem
1579 1357 1881 1454 Crucelingensem
1899 1382 1978 1434 oum

563 1489 736 1558 conventu
750 1503 814 1555 suo
831 1491 866 1554 et
880 1481 1039 1554 comitem
1056 1480 1233 1554 Albcrtum
1252 1481 1297 1555 de
1311 1481 1547 1574 llutimbercb‚
1568 1482 1605 1555 in
1624 1491 1741 1556 nostra
1758 1483 1932 1578 presentia
1944 1493 1978 1557 et

562 1629 678 1683 coram
692 1607 825 1680 illustre
840 1605 931 1680 duce
942 1605 1101 1680 Bawarie
1115 1615 1199 1679 tunc
1212 1607 1374 1702 temporis
1386 1617 1503 1680 nostro
1516 1607 1677 1680 nutricio.
1697 1607 1851 1680 Prolatus
1865 1629 1979 1681 comes

563 1733 725 1808 Albertus
742 1731 812 1807 fide
836 1731 917 1806 data
932 1731 968 1803 in
986 1753 1111 1806 manus
1129 1741 1245 1806 nostre
1264 1731 1451 1825 majestatis
1465 1741 1501 1807 et
1519 1742 1732 1806 sacramento
1749 1731 1976 1824 confirmavit,

563 1859 659 1960 quod
682 1857 895 1954 sepedictum
918 1857 1077 1932 abbatem
1101 1866 1137 1930 et
1158 1867 1368 1932 conventum
1389 1857 1548 1930 suumin
1566 1856 1666 1931 bonis
1678 1857 1752 1930 suis
1766 1857 1841 1930 sitis
1859 1857 1896 1930 in
1911 1859 1978 1930 Ns-

564 1985 683 2080 cbirgo
698 2005 767 2057 non
782 1991 958 2079 presumat
971 2003 1117 2078 gravare
1133 1981 1297 2078 deinceps
1305 1983 1410 2075 juxta
1423 1981 1633 2055 curriculum
1646 1982 1719 2054 vite
1731 2002 1805 2054 sue.
1821 1983 1979 2056 Promisit

566 2113 669 2184 etiam
681 2108 875 2182 antedictus
889 2129 1005 2182 comes
1016 2106 1177 2181 Albertus
1189 2107 1257 2180 sub
1269 2105 1402 2180 eisdem
1413 2103 1731 2179 mnfirmationibus
1742 2105 1879 2201 quodsi
1892 2127 1979 2202 quos

566 2234 725 2308 homines
741 2233 920 2306 censuales
937 2233 1080 2306 ecclesie
1095 2233 1334 2327 Wormliugen
1348 2231 1531 2306 attinentes
1547 2251 1728 2305 concessos
1739 2231 1979 2326 qualitercun-

566 2381 638 2456 que
650 2379 713 2454 per
725 2356 973 2430 infeodationes
988 2357 1151 2430 alienavit
1163 2359 1208 2430 ab
1228 2357 1352 2432 eadem
1371 2355 1536 2449 ecclesia',
1555 2377 1577 2429 a
1591 2357 1651 2429 tali
1667 2355 1902 2430 infeodatione
1919 2357 1979 2430 ab·

566 2485 690 2556 solvat.
705 2481 741 2554 Si
755 2501 843 2576 quos
856 2481 959 2554 etiam
974 2483 1108 2576 genitor
1120 2482 1243 2578 prefati
1255 2481 1387 2555 Alberti
1401 2479 1537 2554 comitis
1550 2501 1614 2554 suo
1627 2489 1778 2576 tempore
1792 2479 1979 2576 apredicta

565 2606 729 2680 alienavit
741 2605 898 2700 ecclesia,
914 2607 1088 2702 sepefatus
1103 2627 1218 2680 comes
1234 2604 1396 2678 Albertus
1412 2627 1493 2678 cum
1508 2603 1685 2701 sepedicto
1701 2604 1826 2676 abbate
1838 2613 1874 2677 et
1890 2625 1979 2679 oon-

566 2741 673 2805 ventu
687 2729 733 2804 ed
750 2729 1044 2825 recuperationem
1058 2729 1292 2826 predictorum
1308 2728 1486 2802 bominum
1499 2729 1712 2802 censualium
1730 2729 1826 2802 nulla
1841 2729 1978 2804 subdo-

566 2858 699 2932 lositate
721 2856 899 2928 interserta
920 2863 1056 2928 tenetur
1076 2854 1259 2928 efficaciter
1285 2855 1453 2928 laborare.
1470 2855 1507 2927 Si
1533 2874 1617 2926 vero
1633 2862 1845 2927 memoratus
1866 2873 1980 2927 comes

566 2983 728 3056 Albertus
745 2979 827 3054 fidei
845 2979 926 3052 date
940 2989 975 3052 et
993 2980 1197 3053 sacramenti
1212 2980 1292 3052 iacti
1310 2981 1401 3054 male
1416 2979 1609 3068 immemor,
1625 2977 1723 3074 quod
1740 2977 1845 3071 absit,
1865 2978 1979 3072 gravis

566 3117 600 3181 et
614 3107 800 3200 injuriosus
814 3103 984 3178 exstiterit
1002 3105 1155 3200 sepefato
1175 3104 1293 3178 abbati
1314 3125 1449 3200 suoque
1469 3103 1673 3192 conventui,
1695 3123 1758 3200 pro
1771 3103 1833 3176 tali
1856 3102 1980 3176 delicto

566 3230 703 3304 insolito
716 3227 950 3325 increpandus
963 3237 998 3302 ct
1009 3227 1251 3302 admonendus
1263 3238 1317 3302 est
1328 3251 1349 3302 a
1359 3228 1550 3303 venerabili
1560 3227 1811 3302 constantiensi
1821 3228 1980 3324 episcopo

565 3357 623 3432 vel
643 3355 786 3446 abbate,
804 3363 839 3428 et
856 3362 935 3450 post
952 3353 1055 3426 talem
1077 3352 1349 3428 admonitionem
1368 3353 1457 3428 infra
1481 3375 1546 3428 sex
1568 3351 1807 3427 hebdomades
1825 3353 1979 3426 conterre

566 3501 643 3556 sese
660 3479 766 3553 debet
789 3477 825 3550 in
856 3477 1031 3552 civitatem
1054 3477 1264 3572 Uberlingen
1285 3477 1425 3552 nomine
1445 3477 1595 3570 obsidis,
1614 3477 1745 3552 abinde
1761 3499 1830 3552 non
1848 3476 1981 3551 disces-

566 3627 669 3678 surus
691 3605 758 3678 nisi
782 3603 914 3700 prelato
940 3603 1058 3676 abbati
1090 3623 1227 3697 suoque
1255 3602 1443 3676 conventui
1466 3603 1655 3698 plenariam
1679 3601 1799 3676 iecerit
1827 3602 1981 3676 satisfac·

566 3729 705 3802 tionem.
722 3728 880 3802 Pmmisit
895 3749 1035 3822 quoque
1049 3727 1247 3823 sepedictus
1266 3747 1382 3802 comes
1398 3726 1560 3800 Albertus
1573 3747 1612 3801 se
1627 3728 1790 3802 daturum
1802 3727 1836 3800 X
1850 3747 1980 3802 marcas

566 3853 754 3928 examinati
777 3853 909 3948 argenti
931 3853 968 3924 in
984 3853 1145 3948 pmximo
1160 3853 1247 3928 sesto
1270 3852 1363 3926 beati
1384 3852 1522 3928 Martini
1546 3853 1603 3926 vel
1624 3853 1713 3927 infra
1735 3873 1799 3950 pro
1822 3852 1980 3950 dampnis

567 3978 669 4052 illatis
694 3979 826 4074 prelato
855 3976 973 4050 abbati
1003 3998 1138 4074 suoque
1163 3977 1375 4069 conventui;
1401 3999 1468 4076 pm
1494 3977 1624 4074 quibus
1648 3978 1764 4052 extitit
1788 3977 1980 4072 fideijussor

566 4102 735 4177 liudolfus
751 4101 855 4176 bomo
872 4101 998 4176 nobilis
1011 4103 1056 4177 de
1076 4103 1198 4196 Hewe,
1219 4112 1321 4201 pacto
1339 4103 1412 4196 tali,
1430 4103 1460 4176 si
1476 4102 1593 4178 dictus
1613 4101 1782 4178 lludollus
1805 4103 1851 4178 de
1871 4104 1978 4176 Herae

567 4229 693 4304 delicta
713 4236 836 4302 nature
850 4227 1004 4320 solverit,
1025 4227 1199 4302 lohannes
1218 4225 1264 4302 de
1280 4227 1466 4302 Dirbebein
1487 4239 1522 4302 et
1541 4227 1763 4302 Burohardns
1781 4227 1826 4302 de
1843 4227 1978 4300 Hohin-

566 4353 655 4425 burc
673 4373 735 4448 pro
750 4349 917 4424 solvenda
937 4351 1069 4448 prefata
1097 4351 1245 4447 pecnnia
1265 4351 1378 4426 vioem
1398 4373 1461 4449 pro
1482 4351 1558 4448 ipso
1581 4351 1735 4427 incident
1754 4349 1975 4446 fidejussoris.

566 4477 638 4551 Heo
659 4486 776 4550 numm
795 4477 978 4574 promissio
998 4498 1040 4551 ac
1053 4475 1266 4552 confirmatio
1284 4486 1324 4550 ut
1342 4477 1450 4552 robur
1464 4499 1569 4552 suum
1589 4487 1704 4552 teneat
1721 4455 1974 4576 incorruptum,

568 4601 671 4696 sigilli
687 4602 792 4676 nostri
812 4603 934 4678 robore
955 4611 990 4678 et
1007 4601 1120 4697 sigillo
1139 4601 1281 4677 illustris
1300 4602 1402 4679 ducis
1415 4603 1575 4678 Bawarie
1593 4612 1676 4678 tunc
1693 4603 1857 4702 temporis
1874 4597 1979 4678 nostri

569 4728 706 4800 nutricii
725 4749 806 4800 cum
827 4737 943 4804 nostro
956 4728 1139 4826 privilegio
1157 4749 1228 4802 non
1247 4729 1429 4804 omisimus
1444 4730 1648 4804 contortam.
