4330 5914
190 611 371 688 lsnror.10.]
642 606 840 668 HISTORIA
867 606 1160 670 utrtottamctt.

446 895 649 908 *un-—

247 1207 452 1316 HenriouS,
473 1209 734 1292 Romanorum
758 1237 843 1316 rex,
862 1211 912 1292 ad
934 1209 1153 1318 petitionem
1170 1207 1361 1292 Gebhardi
1376 1206 1482 1288 electi
1498 1207 1609 1290 Pata-
1647 1219 1793 1318 *3pr

193 1339 333 1424 riensis
352 1343 572 1453 promulgat
590 1345 816 1426 sententiam
834 1344 962 1426 cudae
981 1370 1072 1426 suae
1089 1344 1138 1426 de
1151 1342 1265 1425 rebus
1280 1342 1517 1450 episcopatus
1530 1365 1607 1422 non

195 1473 409 1558 alienandis
424 1476 571 1585 absque
586 1503 774 1559 consensu
792 1476 899 1559 chori
916 1487 954 1558 et
971 1475 1291 1558 ministerialium.

279 1688 369 1769 (Edit.
386 1708 433 1770 sp.
450 1691 581 1752 Murrum
599 1692 782 1768 Boicmtom.
798 1693 912 1768 xxxi,
928 1702 1090 1771 pars1·‚p.
1109 1701 1180 1764 ⁵12,
1198 1691 1295 1752 cuod.
1309 1691 1432 1752 Pamav.
1444 1689 1605 1750 continuat.

318 1797 371 1860 fol.
389 1807 444 1859 142
464 1799 508 1873 b.,
526 1807 556 1860 et
569 1817 618 1878 ap.
633 1801 744 1875 Panna,
759 1800 887 1860 Monam.
902 1801 976 1860 Hirt.
991 1801 1096 1874 Gerra,
1112 1806 1136 1860 t.
1149 1799 1201 1872 IV,
1220 1815 1250 1876 p.
1266 1796 1349 1878 248.)

248 1983 430 2058 Heinricus
445 1986 509 2058 Dei
528 1988 638 2080 gratia
656 1989 884 2060 Romanorum
897 2009 973 2078 rex,
985 2007 1120 2082 semper
1132 1993 1315 2080 augustus,
1328 1982 1501 2056 universis
1517 1981 1611 2055 lide-

198 2107 295 2180 libns
309 2109 383 2181 suis
400 2121 593 2204 presentem
612 2114 774 2206 paginam
793 2113 1000 2208 inspecturis
1018 2113 1163 2207 gratiam
1183 2131 1282 2182 snam
1299 2119 1335 2182 et
1351 2113 1453 2182 omde
1467 2109 1609 2179 bonum.

198 2231 256 2305 Ad
283 2233 518 2308 universitatis
548 2246 663 2310 vestre
691 2238 847 2310 notitiam
878 2238 1045 2332 presentis
1073 2235 1281 2308 certitudine
1309 2233 1426 2329 scripti
1456 2233 1615 2326 cupimus

200 2360 384 2452 pervenire
402 2361 499 2454 quod
515 2383 595 2433 oum
609 2381 656 2434 ex
678 2362 843 2458 petitione
865 2361 981 2435 dilecti
998 2362 1227 2434 etfamiliaris
1251 2359 1416 2456 principis
1442 2357 1550 2430 nostri
1569 2360 1610 2430 G.

200 2481 301 2553 electi
332 2483 547 2557 Pataviensis
573 2485 672 2580 queri
703 2507 765 2581 per
795 2463 1000 2559 sententiam
1031 2485 1232 2558 fecissemus
1265 2485 1295 2556 si
1326 2485 1405 2577 quis
1433 2483 1616 2577 episcopus

201 2607 311 2702 possit
328 2608 384 2680 vel
407 2607 532 2682 debeat
555 2609 745 2682 distrahere
763 2631 825 2683 seu
852 2611 968 2705 aliquo
990 2612 1094 2684 modo
1112 2631 1172 2706 per
1196 2609 1446 2682 infeudationes
1467 2607 1617 2680 alienare

201 2739 315 2824 prater
329 2731 513 2804 consilium
530 2743 565 2806 et
578 2755 756 2806 assensum
772 2735 867 2806 chori
886 2735 941 2807 sui
955 2743 1059 2829 atque
1069 2734 1343 2806 ministerialium
1359 2753 1502 2804 suorum
1516 2731 1617 2824 quic-

200 2875 308 2948 quam
326 2855 371 2928 de
392 2857 587 2930 redditibus
613 2859 902 2931 hofmarchiarum
923 2881 994 2953 que
1016 2859 1062 2932 ad
1087 2858 1308 2931 dominicalia
1332 2856 1503 2951 pertinere
1531 2875 1616 2925 nos-

203 2988 341 3072 cuntur,
362 2979 440 3052 talis
458 2982 494 3052 in
513 2983 608 3077 regie
622 2983 807 3076 majestatis
820 2993 936 3056 nostre
954 2992 1139 3078 conspectu
1159 2982 1327 3054 sententia
1342 2981 1423 3052 data
1441 2978 1506 3048 fuit
1518 2976 1615 3072 quod

202 3103 289 3173 nulli
311 3103 552 3199 episcoporum
576 3106 678 3177 liccat
699 3107 917 3199 aliquatenus
936 3105 1093 3177 redditus
1111 3104 1311 3197 hujusmodi
1332 3101 1521 3174 distrahere
1540 3099 1616 3170 sive

107 3285 111 3296 .
202 3227 354 3299 alienare
370 3249 435 3323 per
452 3227 702 3301 infeodationes
728 3229 839 3302 taliter
856 3251 1033 3325 quoquam
1051 3231 1168 3304 modo.
1191 3229 1260 3302 Sed
1278 3228 1308 3299 si
1334 3229 1447 3299 forsan
1471 3247 1532 3321 per
1553 3225 1617 3296 ali-

201 3372 309 3445 quem
325 3352 393 3424 boc
407 3353 535 3426 factum
550 3353 666 3442 fuerit,
682 3353 760 3426 talis
774 3353 950 3428 distractio
963 3355 1038 3427 sive
1056 3353 1243 3428 infeudatio
1256 3351 1450 3425 firmitatem
1463 3350 1615 3444 aliquam

203 3496 273 3548 non
290 3473 444 3550 habebit.
1120 3569 1126 3582 ⁸

251 3601 377 3674 Actum
400 3603 613 3692 wormacie,
634 3605 679 3676 lll
706 3603 788 3677 idus
812 3601 944 3692 martii,
971 3603 1159 3676 indictione
1175 3605 1224 3695 X,
1249 3603 1466 3698 presentibus
1490 3601 1617 3674 Sifrido

200 3724 460 3820 Moguntinensi
483 3729 762 3825 archiepiscopo,
789 3729 974 3802 Chunrado
998 3728 1200 3801 cancellario
1223 3727 1366 3801 Metensi
1389 3735 1423 3798 et
1445 3725 1614 3821 Spirensi,

201 3852 328 3924 Ottone
351 3853 601 3948 Harbipolensi,
627 3854 789 3926 Heinrico
810 3854 1051 3928 Wormatiensi
1075 3851 1467 3949 episcopis,1odewioo
1493 3851 1617 3924 comite

200 3973 248 4046 de
272 3975 509 4050 Wirtenberch
523 3987 558 4051 et
571 3979 649 4050 aliis
665 3978 835 4073 pluribus.

261 4566 465 4674 Henricus,
482 4569 743 4658 Romanorum
765 4599 852 4681 rex,
873 4576 922 4657 ad
940 4576 1159 4658 instantiam
1182 4574 1372 4658 Gebhardi
1388 4575 1620 4660 Pataviensis
1655 4602 1797 4698 worpgpm

208 4699 315 4783 electi
337 4705 623 4814 proscriptionis
650 4709 877 4792 sententiam
903 4709 1124 4818 promulgat
1150 4709 1332 4793 adversus
1359 4710 1559 4794 Alcamum
1587 4723 1624 4794 et
1678 4712 1703 4754 ¹³
1715 4686 1809 4754 ΜΨ)

288 4837 330 4900 ΙΙ.
351 4852 407 4899 rm
419 4857 442 4902 a
1425 4857 1461 4907 92
