4330 5914
200 631 297 692 lantcr.
317 625 376 706 10.1
647 617 846 682 HISTORIA
869 617 1159 680 ntrnottttrtcrt.
1556 619 1616 684 'tto

199 760 472 870 exemptiones,
491 754 850 863 concessionemque
868 780 890 836 a
909 755 1122 862 praeposito
1141 752 1309 864 Aquensi
1328 764 1365 836 et
1382 753 1612 864 Trajectensi

199 897 341 981 factam
359 895 482 978 eidem
500 891 679 976 ecclesiae
694 899 820 973 ratam
837 889 966 973 habet.

281 1111 411 1192 (lnedtt.
432 1127 470 1172 ex
493 1108 620 1170 chartul.
646 1105 679 1169 S.
701 1106 827 1170 servatii
848 1105 934 1168 MSS.
956 1109 988 1167 ln
1005 1106 1142 1168 Biblioth.
1167 1110 1271 1186 mator.
1294 1109 1464 1184 Pnrtsiens,
1486 1115 1561 1172 ιοιιι.
1586 1113 1613 1185 1,

319 1217 373 1280 ror.
391 1227 428 1278 ta
443 1222 576 1278 roeto.-
584 1214 732 1294 originale
742 1219 825 1276 extat
838 1215 868 1275 ln
882 1215 1003 1276 archivo
1014 1215 1116 1293 flagae
1129 1215 1250 1288 Comtt„
1260 1220 1295 1276 ut
1303 1222 1405 1278 monet
1416 1219 1613 1295 Burmannus,

320 1321 489 1402 Repat.,p.
500 1328 570 1390 att,
581 1328 614 1380 n·
629 1328 679 1380 to.
688 1321 724 1380 ln
737 1320 837 1380 codice
849 1322 940 1381 ettam
954 1323 1066 1381 mentio
1079 1320 1116 1382 dt
1128 1321 1218 1400 stgllll
1230 1322 1397 1400 ceret‚tunc
1411 1325 1616 1403 temporlsfills

323 1429 425 1490 uulda
437 1427 521 1488 rubrl
533 1425 639 1488 colorls
652 1425 798 1506 appensi.)

251 1619 291 1690 ln
308 1616 449 1690 nomine
464 1623 583 1690 sancte
600 1625 636 1688 ct
650 1613 836 1690 individue
851 1609 1037 1690 Trinitatis.
1054 1615 1222 1689 Henricus
1242 1617 1411 1712 septimus
1428 1618 1490 1690 Dei
1509 1622 1619 1708 gratia

204 1743 435 1818 Romanorum
457 1762 523 1814 rex
545 1749 580 1814 et
598 1761 735 1836 semper
753 1749 943 1834 augustus,
968 1740 1141 1814 universis
1161 1749 1353 1836 presentem
1378 1742 1540 1836 paginam
1564 1744 1618 1816 in·

203 1867 373 1963 spectaris
393 1866 538 1960 gratiam
562 1887 662 1938 suam
689 1874 726 1940 et
746 1886 849 1938 omne
869 1865 1014 1940 bonum.
1034 1864 1119 1938 Cum
1139 1864 1321 1960 privilegia
1336 1865 1558 1942 ecclesiarum
1574 1869 1619 1942 ab

203 1992 480 2066 antecessoribus
500 1991 624 2064 nostris
640 1991 922 2086 imperatoribus,
944 1999 1010 2064 etc.
1029 1985 1200 2090 [Sequitur
1225 1991 1266 2062 de
1290 1991 1388 2064 uado
1415 1992 1461 2064 od
1485 1995 1621 2066 corbum

200 2117 418 2212 pravitatum
443 2117 612 2190 andater·
638 2117 790 2210 secundi,
820 2117 936 2188 dotum
963 2116 1180 2215 Λᾳιιὶιρταιιὲ,
1209 2117 1256 2194 28
1280 2117 1366 2210 julii
1393 2119 1508 2206 tato,
1534 2120 1622 2215 quod

203 2242 250 2316 od
272 2265 372 2316 auum
398 2242 505 2315 locum
525 2241 706 2327 cotidianum
727 2264 836 2336 usque
853 2242 899 2313 od
918 2268 927 2312 :
944 2237 958 2338 ]
974 2249 1010 2313 et
1027 2241 1064 2312 in
1084 2262 1122 2314 se
1145 2242 1437 2337 proclamantibus
1453 2243 1520 2316 sub
1536 2266 1620 2318 con-

204 2365 314 2440 ductu
335 2366 468 2440 domini
486 2377 521 2440 et
539 2367 695 2462 magistri
709 2366 765 2439 sui
782 2366 1004 2440 satisfacient.
1022 2367 1121 2440 Hanc
1136 2367 1240 2440 ctiam
1256 2389 1277 2440 a
1293 2375 1391 2462 patro
1404 2377 1521 2442 nostro
1537 2369 1623 2466 ipsis

189 2492 365 2590 'collatum
399 2493 545 2587 gratiam
576 2491 694 2566 denuo
723 2493 872 2566 facimus
898 2502 937 2563 nt
961 2492 998 2563 in
1021 2492 1117 2564 omni
1139 2490 1380 2586 jurisdictione
1408 2503 1443 2567 et
1466 2493 1623 2570 districtu

205 2616 352 2712 imperio
374 2625 409 2691 et
431 2617 534 2691 nobis
557 2616 827 2716 pertinentibus,
852 2616 1050 2690 hominibus
1075 2637 1196 2690 eorum
1220 2617 1385 2692 victualia
1407 2619 1570 2693 frumenti
1590 2633 1626 2694 et

205 2740 280 2814 vini
302 2741 538 2816 deterentibus
554 2741 601 2816 ad
618 2763 707 2839 opus
731 2741 876 2816 ecclesie
897 2741 1108 2836 ubicumque
1127 2762 1268 2816 necesse
1284 2741 1335 2814 ire
1353 2743 1537 2817 habuerint
1555 2753 1625 2818 tam

205 2887 269 2963 per
285 2876 393 2942 terras
412 2890 520 2962 quarn
541 2889 604 2964 per
620 2889 749 2962 aquas,
768 2868 904 2940 nullum
922 2867 1087 2940 telonium
1107 2867 1165 2940 vel
1183 2866 1382 2961 passagium
1400 2868 1446 2942 ab
1464 2869 1549 2964 ipsis
1563 2893 1624 2942 re-

205 2992 365 3087 quiratur
382 2993 440 3068 vel
462 2994 643 3068 occasione
668 2993 811 3066 thelonii
830 2993 949 3086 aliqua
965 2991 1002 3063 in
1022 3012 1082 3066 eos
1100 2991 1236 3066 exactio
1259 2989 1331 3066 fiat.
1351 2993 1509 3066 Preterea
1525 2995 1624 3090 pium

183 3117 336 3190 'tactum
355 3118 472 3192 clerici
496 3119 602 3192 nostri
624 3118 790 3213 prepositi
805 3115 978 3212 Aquensis
999 3124 1034 3188 ct
1057 3115 1300 3208 Trajectensis,
1317 3116 1412 3210 quod
1438 3117 1484 3192 de
1506 3140 1624 3215 purro-

206 3240 286 3316 cbia
309 3243 425 3316 Sancti
453 3243 621 3318 Iohannis
641 3243 678 3314 in
705 3243 859 3334 Trajecto
887 3243 953 3337 ipsi
978 3240 1129 3334 capitulo
1152 3241 1268 3314 Sancti
1293 3242 1440 3316 Servatii
1465 3243 1513 3317 ad
1539 3266 1625 3317 usus

206 3389 329 3442 eorum
361 3367 542 3465 deputavit
570 3366 780 3442 conterendo
810 3379 845 3440 et
872 3367 1019 3462 proinde
1048 3364 1244 3458 ordinarit,
1271 3376 1386 3440 ratum
1417 3389 1479 3466 per
1509 3370 1626 3444 omnia

205 3491 376 3566 habemus
398 3501 434 3568 et
458 3491 613 3586 firmum,
639 3493 752 3590 ipsam
772 3492 987 3568 collationem
1012 3489 1265 3565 confirmantes.
1290 3491 1397 3586 Regia
1423 3493 1626 3567 auctoritate

205 3617 391 3693 statuimus
415 3618 520 3694 etiam
547 3627 582 3694 et
602 3619 712 3714 regali
733 3617 935 3694 auctoritate
955 3616 1166 3714 precipimus
1188 3625 1228 3690 ut
1248 3617 1343 3690 nulla
1365 3637 1513 3713 perstma
1534 3619 1626 3693 hanc

207 3750 361 3816 nostram
386 3743 533 3837 gratiam
556 3744 641 3841 ipsis
660 3744 850 3840 intringere
874 3742 991 3838 aliqua
1012 3750 1189 3839 presumat
1211 3743 1411 3816 temeritate.
1436 3743 1539 3830 Quod
1563 3746 1625 3841 qui

206 3865 328 3940 lecerit
358 3867 446 3941 bam
464 3869 592 3942 summi
612 3870 677 3944 Dei
698 3879 734 3946 et
754 3877 870 3944 nostre
889 3867 1078 3963 majestatis
1099 3888 1138 3941 se
1155 3868 1291 3943 noverit
1311 3868 1545 3942 incursurum.
1566 3869 1624 3944 Ad

206 3989 313 4084 hujus
331 4001 448 4066 autem
470 3993 522 4068 rai
543 3995 785 4070 certitudinem
806 3995 897 4070 hanc
918 3994 1083 4092 paginam
1105 3991 1236 4068 exinde
1257 3995 1487 4092 conscriptam
1509 3995 1623 4092 sigillo

208 4124 327 4188 nostro
341 4117 511 4208 jussimus
528 4119 700 4215 insigniri.

255 4241 382 4314 Datum
406 4241 634 4339 Aquisgrani,
662 4245 834 4320 dominice
856 4245 1101 4319 incarnationis
1128 4264 1221 4318 auno
1247 4245 1428 4321 millesimo
1451 4247 1621 4325 ducente·

208 4361 297 4438 simo
318 4365 490 4461 vigesimo
506 4367 673 4462 secundo,
699 4370 845 4466 septimo
865 4370 946 4445 idus
965 4370 1067 4462 maii,
1091 4367 1280 4442 indictione
1300 4370 1447 4446 decima.

257 4489 373 4564 Testes
394 4489 432 4566 bi
451 4502 534 4566 snnt
550 4493 697 4568 Silridns
711 4495 949 4589 llaguntinns,
968 4494 1194 4590 Engelbertus
1210 4493 1436 4590 Coloniensis,
1456 4497 1619 4575 Theode-

207 4611 300 4684 ricus
320 4614 532 4692 Trevirensis
556 4617 825 4716 archiepiscopi,
851 4623 953 4716 Hugo
973 4618 1191 4714 leodiensis,
1218 4619 1296 4694 Otto
1318 4621 1544 4717 Trajectensis
1566 4625 1619 4724 (o)

250 4761 293 4842 (a)
314 4763 433 4830 sensa
448 4766 669 4852 conscenso,
687 4768 812 4833 umor.
