4466 5914
256 561 353 622 isurcr.
376 563 435 638 lt]
708 564 905 627 ltlstouln
930 563 1221 627 ulrtotltttlcs
1609 561 1671 626 655

258 721 363 793 quam
388 700 513 772 tuturis
535 699 632 794 quod
658 722 722 772 uos
742 702 958 776 attendentes
987 703 1206 777 devotionem
1240 701 1436 798 pariterque
1466 697 1668 773 fidelitatem

258 821 373 896 dilecti
396 822 510 897 fidelis
536 824 641 897 nostri
663 825 869 898 liuiuurdini
896 827 1072 900 lmoiensis
1097 826 1249 923 episcopi
1276 833 1311 899 et
1333 823 1490 918 ejusdem
1514 823 1669 920 preclara

257 948 398 1021 servitia
421 947 523 1022 uobis
547 957 582 1020 et
604 948 748 1043 imperio
777 948 1010 1023 indesinenter
1032 951 1206 1042 exhibita,
1228 959 1299 1024 tem
1320 949 1433 1044 ipsum
1454 970 1561 1044 quam
1586 967 1669 1020 suos

259 1091 472 1144 successores
488 1078 524 1144 et
540 1071 719 1144 ecclesiam
737 1073 939 1146 imolensem
954 1075 1021 1146 sub
1035 1073 1236 1148 defensione
1251 1073 1386 1170 imperii
1400 1081 1435 1146 et
1447 1072 1589 1168 speciali
1602 1073 1669 1166 ju·-

258 1195 397 1268 vamiue
413 1195 460 1268 ud
478 1216 602 1267 manus
626 1205 759 1268 nostras
781 1197 992 1294 recepimus,
1017 1208 1150 1272 uttam
1173 1199 1299 1272 amisse
1323 1219 1429 1293 mam
1453 1197 1588 1294 perdita
1611 1196 1669 1270 rel

260 1319 407 1410 alicujus
423 1319 563 1414 iugenio
578 1319 748 1394 diminuta
761 1331 877 1394 nostro
895 1323 1028 1418 possint
1038 1333 1073 1396 et
1086 1323 1234 1398 debennt
1252 1322 1384 1396 auxilio
1401 1320 1615 1417 recuperari,
1633 1329 1669 1394 et

258 1463 328 1536 que
345 1465 440 1514 nuno
456 1451 550 1516 onst
566 1445 621 1518 vei
641 1443 677 1516 in
697 1453 871 1540 posterum
893 1447 1091 1542 acquisierit
1105 1448 1182 1544 ipse
1199 1447 1256 1520 vei
1275 1467 1490 1519 successores
1509 1445 1585 1538 ejus
1600 1445 1668 1518 boo

259 1575 374 1638 nostre
390 1567 504 1640 valeat
523 1568 713 1641 munimine
729 1591 810 1641 cum
831 1571 1074 1666 tranquillitate
1095 1581 1129 1644 st
1146 1593 1193 1645 ex
1208 1583 1324 1644 nostra
1338 1570 1558 1644 mnoessions
1571 1569 1667 1642 omni

258 1699 410 1786 tempore
432 1691 575 1788 pacifice
595 1692 785 1789 possidere.
807 1693 958 1790 ideoque
979 1695 1260 1792 predecessorum
1290 1705 1483 1768 nostrorum
1510 1694 1666 1790 vestigiis

259 1815 470 1907 inherentes,
494 1815 649 1914 predicto
668 1815 717 1892 Μ.
743 1817 837 1892 iideli
861 1827 976 1893 nostro
1003 1830 1165 1916 tanquam
1190 1820 1399 1894 benemerito
1421 1820 1567 1914 ejusque
1586 1841 1665 1892 suc-

259 1941 452 2014 cessoribus
468 1940 613 2031 damus,
630 1943 852 2016 concedimus
873 1951 908 2016 et
933 1943 1101 2040 imperiali
1123 1945 1280 2040 largitate
1297 1944 1486 2035 tradimus,
1504 1943 1666 2018 videlieet

255 2065 333 2155 jure
346 2066 581 2160 proprietario,
594 2067 821 2140 castellonium
835 2069 949 2139 Sancti
964 2068 1115 2142 Cassiani
1126 2091 1206 2142 cum
1223 2078 1293 2144 tete
1307 2079 1404 2141 curte
1419 2089 1496 2161 sua,
1513 2077 1663 2141 castrum

258 2189 424 2282 bagnaric
437 2189 488 2286 (o)
506 2213 585 2262 cum
602 2200 673 2265 tota
690 2200 787 2264 curte
802 2202 837 2264 et
850 2192 1007 2266 iundoris
1027 2195 1116 2283 suis,
1140 2205 1244 2289 caput
1259 2194 1370 2266 Silicis
1387 2215 1467 2266 cum
1484 2202 1555 2266 tota
1568 2203 1665 2266 curts

260 2335 321 2386 sua
338 2325 466 2386 etcum
483 2316 585 2410 aquis
603 2325 638 2388 et
655 2316 856 2411 paludibus,
884 2319 1040 2412 piscariis
1057 2328 1093 2391 et
1110 2318 1214 2414 ripis,
1232 2318 1520 2413 aucupationibus
1540 2328 1575 2390 et
1594 2319 1666 2390 sal·-

259 2437 351 2509 tibus
368 2449 403 2512 et
420 2441 637 2530 nemoribus,
664 2461 727 2513 seu
749 2442 919 2516 Petretuio
935 2442 981 2538 (b)
997 2452 1032 2515 et
1049 2444 1235 2516 Bachareta
1255 2453 1290 2516 et
1313 2443 1423 2515 Runci
1446 2451 1480 2514 et
1502 2441 1610 2514 Libba
1629 2453 1667 2514 et

260 2561 419 2654 Feuaria3
439 2563 632 2636 Tauiariam
649 2585 729 2637 cum
748 2573 818 2638 tota
838 2575 933 2639 curte
955 2589 1039 2657 sua,
1061 2567 1225 2639 Puzolum
1240 2577 1275 2640 et
1294 2567 1489 2639 Taurunum
1504 2563 1566 2661 (c),
1587 2587 1665 2638 cum

260 2695 327 2758 tota
349 2698 445 2760 curte
464 2709 545 2780 sue,
569 2691 728 2762 Ruucum
748 2701 783 2762 st
798 2691 968 2763 lloccham
986 2702 1022 2764 et
1044 2693 1247 2765 biaseratom
1268 2713 1348 2763 cum
1367 2692 1442 2762 suis
1460 2693 1615 2764 curtibus
1633 2701 1669 2765 et

260 2809 479 2904 appenditiis,
495 2835 642 2906 quarum
661 2825 828 2888 terrarum
848 2815 1005 2888 homines
1027 2815 1063 2886 in
1082 2825 1199 2888 monte
1216 2825 1250 2888 et
1272 2824 1383 2888 castro
1406 2814 1503 2908 quod
1523 2826 1669 2888 vocatur

260 2934 367 3030 Caput
382 2937 491 3009 Ruuoi
509 2959 572 3033 per
587 2939 749 3013 eumdem
764 2940 966 3036 episcopum
982 2949 1063 3012 sunt
1077 2940 1176 3012 locati
1192 2949 1226 3012 et
1241 2940 1344 3036 positi
1358 2938 1405 3012 ad
1417 2939 1664 3028 habitandum

259 3071 293 3132 et
316 3061 434 3134 viliam
457 3063 571 3136 ielieti
591 3075 627 3138 et
643 3065 861 3140 medietatem
880 3067 985 3138 totius
1008 3065 1109 3138 castri
1135 3073 1170 3138 et
1187 3065 1293 3136 curtis
1309 3064 1423 3137 Puzoii
1446 3087 1525 3136 cum
1546 3065 1666 3136 bomi-

260 3184 362 3258 uibus
379 3195 414 3259 st
431 3189 707 3282 possessionibus
721 3201 754 3262 et
768 3191 906 3284 Juribns
920 3190 1119 3263 eorumdem
1138 3189 1352 3283 ubicumque
1368 3189 1576 3280 constitutis,
1595 3199 1665 3260 tam

260 3313 294 3383 in
316 3313 438 3386 eadem
458 3323 556 3387 curte
571 3315 688 3388 Puzoii
705 3337 810 3410 quam
832 3317 869 3388 in
887 3325 983 3390 curte
1002 3315 1184 3388 Cairezane
1202 3315 1260 3386 vel
1276 3314 1380 3404 alibi,
1403 3335 1508 3408 quem
1527 3313 1667 3386 medie-

260 3445 362 3510 tatem
379 3437 524 3532 predicti
542 3440 647 3512 totius
669 3441 770 3513 castri
795 3463 874 3513 cum
892 3440 1054 3514 omnibus
1072 3438 1236 3535 predictis
1253 3436 1348 3510 idem
1362 3439 1546 3533 opiscopus
1562 3441 1668 3511 aBo-

260 3561 394 3634 olfactis
415 3564 649 3659 comparavit3
669 3574 821 3640 montem
840 3566 876 3639 ln
892 3587 963 3660 quo
980 3573 1032 3637 est
1049 3563 1167 3659 plebes
1181 3564 1305 3636 Sauos
1321 3561 1429 3634 iliaris
1444 3562 1489 3634 de
1502 3563 1599 3635 Zisso
1615 3561 1666 3658 (d)

259 3685 417 3759 edificata
432 3708 512 3760 cum
527 3691 600 3761 suls
616 3689 844 3786 appendiciis,
863 3699 1015 3764 montem
1034 3689 1070 3760 in
1091 3708 1163 3782 quo
1177 3695 1229 3760 est
1246 3685 1365 3781 plebes
1386 3686 1500 3758 Sancti
1526 3685 1667 3760 Andree

261 3829 338 3880 cum
360 3809 433 3884 suis
458 3813 686 3908 appendiciis,
708 3823 838 3886 curtem
861 3813 1069 3907 Codrignaul
1088 3833 1169 3884 oum
1187 3811 1362 3884 montibus
1382 3819 1418 3883 ot
1437 3809 1664 3907 appenditiis,

262 3931 377 4005 viliam
393 3935 501 4007 Vallis
516 3937 618 4010 Salve
637 3959 718 4010 cum
734 3938 910 4012 montibus
924 3947 959 4011 et
974 3937 1186 4034 appenditiis
1201 3947 1237 4010 et
1254 3943 1350 4009 curto
1364 3955 1428 4007 sua
1443 3943 1478 4008 et
1498 3945 1610 4009 castro
1629 3937 1667 4008 in

261 4056 380 4130 eadem
396 4065 492 4130 curte
510 4081 572 4154 per
587 4059 749 4134 eumdem
768 4061 970 4158 episcopum
986 4059 1164 4146 ediiioat03
1189 4059 1305 4132 omnia
1320 4067 1436 4131 autem
1454 4056 1610 4154 predicta
1632 4067 1668 4132 ct

261 4203 328 4276 que
350 4181 550 4278 peripsum
573 4184 776 4281 episcopum
803 4185 997 4282 specialiter
1018 4185 1076 4258 uei
1099 4205 1162 4281 per
1186 4183 1272 4257 elios
1298 4203 1514 4258 successores
1540 4181 1668 4254 luerint

301 4374 341 4456 (a)
362 4375 445 4440 Allan
457 4383 557 4440 temen
570 4384 600 4440 st
611 4380 645 4440 lu
658 4382 802 4442 nonnum
815 4379 937 4444 interius
951 4389 1114 4445 memorata
1125 4380 1283 4464 manmit.

301 4477 340 4560 (d)
360 4481 444 4545 Alias
457 4501 574 4562 quoquo
587 4481 746 4548 Pctntnlo.

302 4587 337 4667 (c)
357 4587 456 4664 Alias,
471 4589 524 4650 sed
537 4592 635 4652 minus
648 4596 726 4652 recte
741 4591 929 4653 sommum.

303 4691 343 4773 (d)
363 4695 447 4757 Altos
458 4702 558 4758 nutem
571 4693 607 4758 dc
621 4695 709 4761 (idco
