4466 5914
524 569 585 632 618
1026 569 1240 632 unionum!
1266 571 1440 632 secono!
1753 573 1939 654 [Ausim

524 706 575 778 eis
602 705 753 778 Roohem
783 705 828 780 de
855 708 996 782 Corneto
1022 729 1128 802 quam
1158 707 1240 780 dicti
1272 707 1502 780 Bononienses
1529 705 1661 780 eisdem
1688 708 1941 784 Mutinensibus

525 831 756 920 abstulerunt3
785 832 1029 906 eonstituentes
1055 833 1159 906 etiem
1188 832 1301 928 ipsum
1336 852 1520 906 commune
1546 833 1680 905 Mutine
1709 855 1938 929 possessorem

524 953 569 1026 de
595 956 758 1050 predictis
787 957 871 1029 louis
896 967 932 1030 et
954 959 1053 1030 terris
1077 959 1238 1030 omnibus
1263 966 1298 1031 et
1316 957 1449 1044 Rocha,
1473 965 1512 1027 ut
1535 958 1670 1052 possint
1697 959 1747 1030 nti
1774 959 1859 1030 louis
1882 960 1939 1054 ip·

524 1080 571 1152 sis
589 1089 624 1152 et
646 1080 745 1152 terris
765 1090 800 1152 et
824 1081 940 1154 Roohu
968 1090 1142 1153 eteorum
1170 1082 1463 1178 possessionibus,
1484 1079 1587 1152 sicuti
1616 1081 1748 1154 domini
1776 1105 1840 1155 sue
1873 1084 1934 1155 rei.

522 1203 680 1276 Confines
707 1213 824 1278 eutem
852 1215 886 1278 et
911 1205 1075 1278 terminos
1098 1206 1187 1278 inter
1211 1207 1445 1280 Bononienses
1467 1214 1502 1278 et
1521 1207 1732 1278 Mutinenses
1755 1208 1938 1281 statuimus

523 1328 772 1402 etordinnmns
785 1331 1219 1403 inviolabiliterobservori
1235 1341 1272 1404 et
1292 1331 1399 1403 teneri
1423 1357 1432 1400 :
1454 1329 1618 1404 videlioet
1642 1353 1663 1402 ε
1686 1353 1822 1404 summo
1841 1331 1938 1427 Alpis

523 1475 648 1550 magne
674 1453 736 1526 ubi
763 1455 890 1528 dieitur
916 1455 963 1528 nd
994 1455 1158 1529 Scotusa
1185 1477 1294 1528 cornu
1325 1455 1483 1528 orientali
1513 1454 1623 1550 ipsius
1655 1455 1753 1550 Alpis
1787 1463 1823 1528 et
1856 1455 1938 1528 indo

523 1579 727 1672 pervellem
753 1579 1003 1669 Gumoarium,
1031 1579 1274 1654 descendendo
1296 1590 1331 1652 et
1353 1579 1527 1653 veniendo
1552 1601 1613 1674 por
1638 1590 1772 1655 montes
1785 1588 1820 1652 et
1835 1581 1938 1654 colles

522 1712 633 1776 rectos
660 1705 833 1798 usquein
860 1705 1019 1778 Zibrieno
1046 1728 1108 1802 ρετ
1137 1705 1291 1778 modium
1313 1705 1513 1780 Zibrionum
1534 1714 1570 1778 et
1590 1726 1654 1800 ρετ
1680 1704 1835 1776 medium
1860 1703 1938 1778 ool-

522 1827 631 1898 linnm
658 1829 832 1902 veniendo
858 1829 905 1902 ed
932 1830 1110 1902 Voltitium
1133 1840 1167 1902 ot
1188 1828 1270 1903 inde
1295 1851 1356 1924 ρετ
1381 1830 1523 1902 oollines
1549 1827 1595 1902 ad
1621 1829 1863 1920 Seneceltium,
1882 1839 1936 1900 te-

523 1950 639 2024 nendo
654 1953 797 2024 oolliuns
811 1974 874 2048 per
891 1953 1041 2026 mediam
1059 1953 1329 2026 Stnuchatorium
1351 1962 1387 2025 et
1410 1973 1471 2046 per
1490 1951 1633 2048 podium
1652 1952 1697 2025 de
1712 1952 1888 2026 Coetomio
1902 1965 1937 2028 et

524 2076 608 2149 inde
630 2098 692 2172 ρετ
714 2077 873 2150 collinam
896 2078 1012 2150 eundo
1031 2099 1089 2172 per
1103 2079 1280 2173 podiolnm
1307 2078 1564 2170 Rofegneoum,
1590 2077 1765 2150 veniendo
1777 2079 1936 2171 jusnma

524 2222 625 2273 mene
638 2200 822 2274 Canevutie
837 2212 870 2274 et
885 2224 948 2298 ρετ
964 2203 1121 2274 εοΙΙίττετε
1138 2225 1159 2274 ε
1176 2223 1278 2274 mune
1292 2203 1432 2274 Ponieto
1449 2201 1623 2294 usquead
1643 2203 1816 2275 toutonem
1834 2203 1935 2276 Lom-

522 2323 715 2397 bardesem.
730 2326 773 2396 Et
799 2325 863 2398 ista
888 2325 1011 2398 collina
1038 2327 1102 2397 tuit
1126 2327 1316 2420 antiquitus
1337 2325 1509 2398 nominate
1536 2322 1634 2421 Alpis
1658 2327 1824 2398 maximo.
1850 2327 1893 2398 Et
1913 2348 1935 2400 a

521 2449 613 2522 diota
645 2450 784 2523 fontana
815 2451 961 2524 tondunt
987 2451 1126 2543 jusum,
1155 2451 1244 2522 sicut
1271 2459 1375 2522 strate
1408 2449 1515 2521 currit
1536 2471 1598 2546 ρετ
1629 2449 1797 2546 hospitale
1834 2473 1935 2547 pres-

521 2573 634 2668 byteri
656 2575 782 2647 Paxoti
812 2585 846 2647 et
873 2597 936 2671 per
962 2575 1086 2648 lamam
1117 2575 1244 2647 Azouis
1270 2575 1316 2648 de
1342 2575 1522 2668 Fregnuoo
1548 2584 1583 2647 et
1614 2572 1697 2647 inde
1724 2597 1786 2670 ρετ
1810 2575 1933 2649 silvam

520 2700 754 2773 Montesenum
773 2701 848 2773 sive
868 2723 930 2796 ρετ
949 2701 1104 2773 canolam
1125 2701 1376 2795 Rofregoanem
1399 2697 1445 2772 ud
1469 2701 1628 2773 Sanctum
1645 2699 1801 2791 Luziam,
1822 2709 1857 2772 et
1876 2699 1934 2772 el-

519 2834 592 2897 τετε
608 2825 731 2898 Sancto
746 2825 850 2897 Luzie
863 2834 915 2898 est
931 2827 1108 2898 terminus.
1120 2826 1164 2896 Et
1185 2848 1206 2898 ε
1222 2827 1346 2899 Sanotu
1361 2825 1464 2897 ania
1483 2823 1699 2897 desoendnnt
1713 2845 1775 2922 ρετ
1792 2831 1932 2898 stratum

513 2951 633 3042 jusum
659 2971 772 3044 usque
795 2951 841 3024 ed
864 2972 1000 3022 crucem
1029 2950 1073 3024 de
1097 2951 1243 3023 Toriieto
1268 2960 1302 3023 et
1332 2973 1394 3046 ρετ
1417 2950 1528 3045 ipsam
1555 2957 1695 3021 stratam
1723 2947 1769 3022 nd
1794 2971 1932 3023 crucem

517 3073 631 3170 Pipiui
655 3085 691 3146 et
717 3073 866 3148 indeed
889 3085 1039 3147 montem
1061 3074 1106 3146 do
1133 3075 1277 3147 termino
1303 3075 1420 3147 eundo
1440 3096 1502 3169 ρετ
1519 3083 1669 3146 montem
1697 3073 1879 3146 Luliunum
1898 3083 1933 3148 et

517 3221 578 3295 ρετ
592 3199 736 3295 podium
752 3200 796 3273 de
812 3199 972 3294 Spincole
989 3209 1023 3272 et
1038 3221 1099 3295 per
1113 3199 1350 3272 molendinum
1372 3198 1417 3271 de
1443 3198 1519 3270 rivo
1539 3199 1584 3272 de
1608 3199 1756 3271 Seomliu
1774 3207 1808 3272 et
1821 3219 1933 3294 usqne

516 3345 622 3419 super
646 3331 797 3396 montem
820 3322 1013 3417 predictum
1031 3323 1213 3395 terminum
1235 3321 1469 3412 ascendendo,
1492 3331 1527 3396 et
1549 3345 1612 3418 ρετ
1636 3322 1790 3396 medium
1818 3324 1932 3418 ipsum

517 3457 668 3521 montem
686 3446 929 3521 desoendendo
949 3450 1068 3542 jusum
1093 3469 1154 3544 ρετ
1179 3449 1294 3520 rivum
1318 3448 1379 3543 qui
1400 3457 1452 3520 est
1469 3447 1558 3520 inter
1574 3449 1790 3521 Stantiannm
1814 3457 1849 3520 et
1875 3447 1932 3520 Ti-

518 3583 680 3669 guentem
700 3583 735 3646 et
755 3573 836 3647 inde
854 3575 1073 3648 ascendendo
1088 3574 1134 3647 ud
1150 3573 1302 3647 Mentem
1316 3583 1456 3647 eentum
1472 3583 1506 3646 et
1523 3595 1543 3645 ε
1561 3573 1778 3648 Monteaouto
1795 3573 1832 3645 iu
1848 3573 1933 3647 Cus-

517 3701 653 3772 taneolo
669 3709 703 3772 et
724 3722 745 3772 ε
765 3699 964 3773 Castaneolo
982 3699 1028 3772 ud
1046 3701 1265 3774 [eracletum
1289 3709 1325 3772 et
1347 3698 1395 3771 ed
1420 3708 1570 3772 montem
1595 3697 1776 3795 Cuputinm
1795 3705 1830 3770 ot
1852 3697 1934 3772 indo

519 3823 566 3898 ad
582 3823 697 3897 rivum
712 3822 758 3898 de
769 3811 963 3935 Vidistiset
977 3845 1039 3921 ρετ
1056 3824 1169 3919 ipsum
1185 3823 1300 3896 rivum
1316 3845 1426 3918 usqne
1442 3822 1487 3896 ad
1501 3824 1645 3914 clusam,
1664 3821 1699 3896 et
1712 3820 1797 3895 inde
1812 3843 1934 3895 versus

518 3969 596 4022 sero
613 3949 731 4023 eundo
749 3971 810 4046 ρετ
835 3947 1020 4022 terminum
1042 3945 1152 4020 fixum
1176 3948 1222 4020 ad
1240 3956 1409 4020 montatns
1425 3947 1471 4021 de
1488 3945 1647 4020 Cruxello
1665 3955 1702 4020 et
1724 3947 1769 4019 ub
1795 3967 1837 4019 eo
1858 3956 1935 4020 ter·
2024 3961 2033 3975 ’

520 4075 616 4148 mino
636 4073 681 4146 ud
705 4075 819 4147 rivum
837 4073 882 4147 de
904 4072 1092 4146 Ceroletolo
1115 4079 1149 4145 et
1171 4070 1254 4145 inde
1277 4071 1323 4146 ud
1347 4075 1576 4168 Romamque
1600 4079 1690 4144 este
1713 4067 1817 4144 domo
1835 4071 1934 4144 Man-

520 4219 708 4294 ganorum‚
726 4198 774 4270 ite
788 4195 884 4292 quod
899 4197 974 4293 ipse
990 4197 1115 4270 domus
1136 4217 1174 4269 se
1190 4195 1390 4287 colligante
1407 4205 1504 4292 purte
1518 4194 1786 4286 Mutinensium,
1803 4204 1838 4268 et
1854 4193 1938 4268 inde

521 4324 569 4397 ed
598 4324 782 4396 terminum
811 4322 922 4396 fixum
950 4323 1054 4416 juxta
1084 4321 1227 4396 domum
1260 4323 1478 4395 Fuvatiorum
1503 4331 1538 4395 et
1567 4322 1651 4395 inde
1676 4319 1851 4394 veniendo
1877 4339 1939 4415 ρετ

522 4449 693 4522 Cnssolem
719 4469 789 4543 que
809 4449 906 4522 venit
921 4470 942 4520 a
959 4447 1140 4521 Gaudiano
1165 4469 1226 4543 ρετ
1252 4447 1473 4520 Cessoionnm
1500 4445 1611 4522 tendit
1631 4449 1752 4540 jusum
1770 4467 1791 4518 ε
1806 4443 1939 4518 Bosoho

524 4573 632 4648 Cureti
647 4573 683 4644 in
698 4573 775 4646 rivo
795 4584 829 4646 ει
845 4595 907 4669 ρετ
928 4557 1042 4649 rivum
1065 4594 1177 4668 usque
1199 4572 1245 4646 od
1266 4573 1396 4648 Salsum
1421 4572 1468 4648 de
1489 4571 1656 4646 [nummo
1678 4571 1854 4663 otiosum
1876 4589 1939 4665 ρετ

523 4697 638 4795 ipsum
650 4697 766 4770 rivum
789 4697 877 4770 inter
893 4707 1042 4771 montem
1058 4697 1240 4771 Calvuinm
1254 4705 1289 4770 et
1304 4696 1586 4792 Mongeoerium,
1608 4704 1644 4768 et
1666 4695 1756 4768 siout
1776 4690 1939 4768 discurrit
