4324 5916
1084 612 1255 676 aruuvcr
1281 615 1447 678 srvrvuv
1786 617 1866 705 [aa.
1886 623 1973 688 raas.

401 1139 428 1226 ζα
485 1137 520 1180 a.
616 1099 820 1206 Hauricus,
836 1099 1190 1207 Romanorumrex‚
1205 1101 1518 1210 compositionem
1536 1105 1756 1216 confirmat,
1772 1136 1901 1194 coram
1915 1139 1969 1221 se,

564 1233 844 1344 archiepiscopo
854 1231 1129 1345 salzburgense
1142 1234 1498 1342 medianta‚lactam
1512 1239 1610 1322 inter
1624 1241 1890 1328 Gebebardum
1903 1249 1972 1330 Pa·

563 1369 770 1454 taviensem
801 1367 1020 1476 episcopum
1051 1377 1089 1451 et
1118 1369 1380 1452 Hermannum
1411 1372 1670 1456 marchionem
1697 1376 1746 1459 de
1771 1376 1899 1461 baden
1926 1381 1972 1463 de

564 1501 819 1614 persolutione
845 1500 1060 1584 debitorum
1092 1527 1137 1584 ac
1160 1503 1382 1612 promissio,
1402 1504 1543 1616 quibus
1561 1509 1826 1616 praedeeessor
1846 1511 1971 1596 Geba-

563 1637 690 1744 bardi‚
706 1635 851 1719 Ulricus
873 1635 1071 1746 episcopus
1084 1636 1329 1742 Pataviensis‚
1346 1639 1387 1720 in
1405 1641 1670 1724 transmarinis
1684 1644 1855 1752 partibus
1873 1671 1973 1728 mar-

565 1770 691 1854 chioni
710 1771 901 1881 praedicto
920 1795 961 1852 se
976 1769 1223 1882 obligaverat.

646 1987 743 2070 (Edlt.
758 1989 790 2048 ln
801 1987 932 2048 Manum.
948 1985 1043 2061 Boia,
1055 1993 1130 2048 tom.
1146 1987 1435 2066 XXX‚pars1·,p.
1458 1996 1524 2060 1²7,
1542 1997 1577 2049 12⁰
1589 1988 1749 2065 DCLXIX,
1770 2007 1809 2052 ex
1829 1993 1969 2070 odglnall.

684 2097 731 2157 Ex
744 2097 877 2174 quinque
896 2095 1001 2174 alglllls
1013 2095 1149 2172 eppensla
1171 2095 1299 2172 slgtllum
1317 2096 1396 2173 regis
1414 2097 1518 2172 perlit,
1540 2101 1666 2174 quanm
1684 2097 1804 2176 mltquls
1815 2099 1918 2178 sigillis
1934 2115 1971 2160 ex

685 2204 844 2282 menda
856 2201 1087 2262 membranaceis
1099 2201 1198 2262 adbuc
1210 2201 1454 2278 remanentibus.)

614 2391 658 2464 Η.
675 2389 738 2462 Dei
765 2387 875 2482 gratia
899 2389 1130 2461 Romanorum
1147 2411 1210 2462 rex
1228 2397 1263 2462 et
1284 2411 1419 2486 semper
1441 2399 1631 2485 augustus,
1650 2391 1811 2464 omnibus
1836 2392 1970 2488 imperii

568 2517 730 2592 fidelibus
746 2513 891 2608 gratiam
917 2534 1014 2586 snam
1036 2523 1071 2586 et
1095 2535 1198 2586 omne
1219 2513 1363 2586 bonum.
1383 2514 1593 2587 Constitutus
1609 2515 1646 2587 in
1664 2525 1778 2590 nusba
1801 2527 1836 2589 et
1859 2516 1971 2589 dilecti

568 2641 733 2742 principis
763 2639 869 2714 nostri
893 2638 1143 2734 archiepiscopi
1167 2637 1425 2732 Salzburgeusis
1454 2640 1625 2734 prasentia
1650 2639 1763 2714 fidelis
1789 2651 1905 2714 noster
1929 2641 1968 2714 Η.

567 2766 720 2842 marchio
740 2765 784 2840 de
800 2762 935 2854 Badeu,
962 2772 1078 2837 contra
1103 2763 1267 2838 dilectum
1291 2763 1391 2837 nobis
1409 2763 1648 2838 Pataviensem
1670 2765 1870 2861 episcopum
1894 2787 1972 2862 prc-

568 2893 685 2992 posuit
708 2891 744 2963 in
762 2891 856 2962 hunc
877 2886 1021 2962 modum
1046 2889 1170 2984 :quod
1191 2910 1271 2960 cum
1292 2888 1328 2960 in
1351 2887 1586 2962 transmarinis
1610 2889 1763 2984 partibus
1779 2903 1871 2964 esset
1895 2913 1973 2988 pre-

569 3018 728 3092 decessor
757 3015 866 3112 ipsius
890 3014 948 3109 pie
973 3012 1220 3088 recordationis
1248 3014 1397 3086 ericus
1418 3013 1601 3112 episcopus
1624 3023 1658 3087 et
1682 3014 1835 3088 marchio
1860 3015 1970 3104 idem,

570 3146 656 3214 iuter
681 3163 719 3214 se
744 3139 968 3212 convenerint
998 3137 1127 3212 ibidem
1152 3136 1247 3232 quod
1279 3137 1378 3212 CCCC
1399 3160 1532 3211 marcas
1557 3138 1740 3236 episcopus
1768 3150 1974 3213 memoratus

568 3265 778 3363 persolveret
801 3261 1008 3357 marchioni,
1031 3263 1164 3336 subeo
1184 3263 1347 3339 videlicet
1369 3272 1529 3360 pretextu
1550 3261 1646 3360 quud
1676 3264 1888 3340 Pataviensis
1911 3288 1972 3340 ec-

569 3391 671 3464 clesie
700 3387 869 3462 vassallus
897 3387 988 3460 idem
1020 3387 1172 3460 marchio
1200 3396 1308 3480 esset,
1338 3397 1372 3462 et
1402 3387 1498 3484 quod
1526 3388 1666 3484 iusuper
1693 3389 1752 3460 XL
1778 3409 1970 3462 marearum

568 3515 725 3590 redditus
750 3513 795 3587 de
817 3513 1081 3610 proprietatibus
1104 3513 1177 3586 suis
1200 3513 1237 3584 in
1260 3535 1383 3586 manus
1407 3515 1595 3608 resignaret
1617 3515 1770 3612 episcopi
1792 3515 1868 3612 ipse
1886 3538 1972 3588 mar·

568 3639 663 3730 chio,
687 3659 775 3734 quas
802 3638 940 3710 nomine
963 3636 1055 3710 leodi
1083 3638 1128 3709 ab
1153 3637 1228 3732 ipso
1249 3637 1391 3710 deberet
1420 3637 1574 3734 recipere
1599 3639 1732 3712 iterato.
1756 3639 1902 3733 Insuper
1926 3637 1974 3712 CL

568 3785 701 3836 marcas
723 3783 810 3858 quas
833 3759 1067 3857 predecessori
1085 3783 1148 3833 auo
1174 3763 1326 3835 marchio
1351 3783 1389 3835 se
1415 3773 1592 3836 mutuasse
1612 3763 1758 3835 asseruit
1783 3763 1970 3857 repetebat.

568 3889 653 3962 Cum
682 3897 797 3961 autem
826 3885 891 3958 hec
918 3885 1119 3957 diffiteretur
1143 3885 1329 3982 episcopus
1358 3909 1534 3960 successor
1558 3887 1737 3979 ejusdem,
1764 3887 1854 3960 inter
1884 3889 1973 3984 ipsos

566 4015 705 4088 tandem
718 4033 834 4086 coram
845 4009 956 4098 nobis,
969 4009 1141 4082 mediante
1156 4009 1247 4084 dicto
1261 4011 1531 4108 archiepiscopo,
1546 4013 1622 4084 talis
1636 4012 1845 4108 composicio
1862 4013 1975 4084 inter-

565 4139 662 4214 venit
686 4145 725 4210 ut
752 4146 826 4208 tum
852 4157 915 4231 pro
941 4133 1040 4208 CCCC
1064 4136 1187 4208 marcis
1218 4137 1285 4233 ipsi
1310 4137 1498 4211 marchioni
1527 4138 1668 4212 vassalli
1697 4139 1837 4218 nomine
1863 4137 1972 4234 porri·

567 4263 707 4360 gaudis,
733 4271 806 4334 tum
834 4260 938 4334 etiam
968 4282 1031 4356 pro
1058 4259 1190 4356 reliqua
1218 4283 1354 4335 summa
1374 4263 1520 4358 pecunie
1543 4285 1648 4358 quam
1675 4272 1714 4334 ut
1741 4261 1887 4334 asseruit
1913 4281 1974 4333 suo

565 4395 784 4462 mutuaverat
806 4385 1055 4482 predecessori,
1079 4386 1116 4458 in
1137 4387 1295 4482 proximo
1318 4387 1404 4461 sesto
1428 4387 1680 4484 Assumptionis
1705 4389 1804 4460 beate
1824 4385 1974 4481 Virginis

567 4515 619 4584 CL
635 4533 768 4584 marcas
790 4511 1002 4607 totidemque
1025 4511 1061 4584 iu
1084 4512 1199 4584 futuro
1225 4511 1311 4585 sesto
1334 4513 1547 4587 Pentecostes
1562 4511 1776 4587 Pataviensis
1792 4511 1975 4608 episeopus

567 4635 757 4711 marchioni
780 4639 952 4734 persolvat
979 4646 1179 4712 memorato.
1202 4637 1251 4710 lla
1276 4637 1437 4712 videlicet
1458 4639 1655 4713 conditione
1678 4637 1773 4733 quod
1795 4635 1842 4710 de
1862 4635 1975 4710 reddi-

567 4762 662 4834 tibus
690 4761 903 4858 predialibus
931 4785 1043 4860 usque
1071 4762 1118 4837 ad
1144 4763 1202 4836 XL
1225 4783 1358 4836 marcas
1383 4763 1563 4860 resignatis
1587 4774 1623 4837 et
1645 4763 1691 4838 ab
1716 4763 1792 4860 ipso
1817 4761 1974 4858 episcopo
