4330 5914
541 603 602 666 '140
1069 605 1246 668 baumer
1272 603 1442 668 seratur
1765 604 1851 684 [An.
1868 605 1955 670 lm

544 738 721 835 episcopi,
756 739 924 814 Henrious
951 739 1029 816 dnx
1053 741 1254 836 Brabentie,
1284 739 1456 815 Gerardos
1481 759 1598 812 comcs
1624 738 1670 814 de
1693 736 1818 814 Geiren
1840 749 1876 814 et
1898 739 1957 814 elii

543 863 780 960 quamplures.

591 991 665 1084 Ego
682 988 877 1064 Conrardus
893 991 1119 1066 cancellarius
1130 988 1331 1086 recognovi.

765 1311 1197 1328 mm

450 1636 498 1677 o,
596 1596 794 1706 Henricus,
815 1599 1076 1684 Remanomm
1100 1625 1186 1708 rex,
1206 1598 1404 1683 eeclesiam
1426 1599 1526 1683 beuti
1556 1598 1751 1684 ddelberti
1768 1601 1817 1683 de
1834 1600 1956 1711 Aquis

468 1711 475 1722 ’
544 1727 617 1812 sub
641 1755 711 1813 sue
738 1730 892 1841 speciali
919 1730 1151 1840 protectione
1181 1731 1314 1840 recipit
1342 1741 1381 1814 et
1408 1731 1443 1813 ei
1470 1729 1672 1816 confirmat
1696 1732 1828 1816 omnia
1857 1757 1957 1842 quae

542 1864 849 1974 praedecessores
876 1865 935 1948 sui
966 1865 1179 1976 caeterique
1204 1864 1335 1948 fideles
1361 1864 1502 1948 Christi
1527 1866 1784 1968 donaverunt,
1801 1865 1956 1976 specie-

541 1997 627 2081 liter
645 2007 773 2082 autem
791 1998 980 2109 quidquid
995 1999 1202 2109 imperator
1218 1999 1403 2083 Henrieus
1426 2001 1616 2085 secundus
1633 2001 1805 2112 ejusdem
1827 1999 1955 2086 eecle-

542 2133 620 2215 siae
632 2132 814 2216 fundator
830 2131 1055 2216 contulerat.

620 2349 747 2428 (Edlder.
760 2350 855 2427 Qum,
868 2345 938 2410 cod.
949 2345 1069 2427 diplois.
1082 2348 1234 2430 apeme,
1247 2357 1323 2414 tom.
1332 2353 1359 2426 1,
1369 2369 1402 2430 p.
1412 2351 1701 2431 so.-chomm,
1711 2347 1896 2414 arieneos
1898 2350 1957 2432 ,fir

660 2454 707 2518 dic
723 2453 813 2538 perclo
828 2453 1053 2532 acuerem,
1069 2475 1124 2518 zu.
1141 2457 1486 2536 emu,p.ee,n·1or.
1504 2491 1547 2504 —
1562 2458 1713 2540 originale
1727 2459 1956 2522 extntbodicln

659 2564 771 2624 arebtr.
791 2563 932 2637 neroum
949 2565 1029 2626 unde
1045 2565 1153 2642 pendet
1166 2565 1295 2646 sigillum
1315 2582 1399 2628 cerac
1410 2565 1517 2630 rubras
1529 2583 1599 2630 curn
1611 2569 1801 2644 inscriptione
1816 2588 1825 2629 z
1839 2567 1956 2630 HEIN-

660 2669 774 2734 IthVS
793 2669 861 2732 DEI
881 2669 1027 2733 eductu
1047 2671 1134 2733 ROM
1136 2711 1324 2734 .........
1338 2671 1494 2735 SEMPER
1513 2669 1742 2754 AVGUSTVS.]

588 2858 627 2929 ln
654 2857 794 2932 nomine
819 2865 939 2932 sancte
961 2867 997 2930 et
1022 2856 1208 2930 individue
1226 2857 1413 2930 Trinitatis.
1439 2857 1621 2932 Heinricns
1642 2859 1810 2954 septimus
1834 2859 1956 2936 divina

539 2983 676 3058 favente
696 2983 879 3057 elementia
899 2983 1132 3057 Romanorum
1155 3003 1219 3055 rex
1240 2992 1276 3056 et
1297 3005 1435 3080 semper
1454 2993 1635 3080 angustus.
1662 2984 1719 3058 Ad
1739 2993 1857 3058 eterne
1882 2985 1957 3060 vire

537 3108 708 3204 premium
736 3117 771 3180 et
794 3108 993 3202 temporalis
1021 3108 1155 3202 imperii
1182 3107 1367 3181 decursum
1392 3109 1642 3204 prosperiorem
1664 3109 1766 3183 nobis
1789 3097 1978 3204 proficere

538 3254 606 3305 non
618 3231 842 3326 ambigimus,
862 3231 892 3306 si
907 3231 1069 3306 ecclesias
1081 3232 1145 3305 Dei
1158 3232 1395 3308 conservando
1410 3233 1575 3330 ampliare
1592 3231 1829 3307 studuerimus
1844 3243 1879 3307 et
1894 3233 1955 3332 pia

538 3379 655 3431 rerum
682 3357 863 3452 largitione
887 3377 1103 3454 promovere.
1130 3357 1348 3454 Quapropter
1371 3368 1493 3430 notum
1517 3357 1663 3431 iacimus
1685 3358 1858 3432 universis
1884 3360 1954 3432 im·

538 3481 625 3579 perii
644 3480 751 3554 nostri
767 3479 929 3554 fidelibus
943 3481 1161 3578 presentibus
1175 3489 1210 3554 et
1225 3483 1349 3555 tuturis
1367 3482 1463 3578 quod
1482 3503 1545 3556 noe
1558 3481 1606 3557 ad
1623 3483 1848 3557 imitationem
1868 3503 1955 3579 pre-

538 3607 757 3680 decessorum
775 3614 970 3680 nostrorum
984 3627 1108 3702 regum
1127 3615 1162 3680 et
1176 3607 1440 3702 imperatorum,
1458 3607 1639 3680 ecclesiam
1661 3607 1754 3681 beati
1776 3606 1954 3682 Adalberti

539 3730 585 3804 de
603 3729 714 3825 Aquis
732 3731 768 3804 in
783 3731 968 3828 specialem
990 3732 1177 3826 majestatis
1200 3741 1316 3805 nostre
1338 3732 1583 3828 protectionem
1607 3732 1820 3828 recepimus,
1849 3731 1955 3828 eique

538 3852 781 3928 confirmamus
803 3856 968 3928 universa
987 3877 1058 3950 que
1076 3855 1122 3929 ab
1143 3857 1416 3930 antecessoribus
1438 3855 1563 3929 nestris
1582 3857 1726 3951 regibus
1750 3857 1825 3931 sive
1843 3858 1954 3952 impe-

539 3980 711 4054 ratoribus
729 3981 959 4054 Romanorum
979 3981 1055 4054 sive
1072 3981 1118 4052 ab
1135 3981 1213 4054 aliis
1230 3981 1352 4054 Christi
1369 3979 1531 4055 fidelibus
1544 3983 1637 4074 juste
1654 3982 1776 4056 collata
1792 3991 1877 4054 sunt
1895 3981 1952 4056 vei

540 4105 576 4178 in
591 4115 767 4203 posterum
783 4105 887 4178 dente
910 4105 1058 4178 Domine
1076 4115 1238 4201 poterunt
1260 4107 1424 4199 conferri,
1443 4107 1501 4181 vel
1519 4127 1589 4201 qne
1613 4107 1688 4202 ipsa
1702 4105 1845 4179 eeclesia
1857 4108 1953 4199 justo

539 4229 778 4328 acquisitionis
794 4230 894 4303 titulo
907 4251 968 4326 per
982 4230 1128 4324 gratiam
1140 4231 1202 4304 Dei
1218 4253 1313 4304 nunc
1330 4231 1434 4304 habet
1446 4232 1503 4304 vel
1520 4231 1557 4303 in
1572 4239 1746 4328 posterum
1762 4229 1948 4322 obtinebit;

538 4355 771 4451 exprimentes
786 4355 979 4452 specialiter
990 4355 1137 4450 qualiter
1153 4355 1338 4451 imperator
1354 4355 1524 4428 Henricns
1538 4354 1695 4448 ejusdem
1712 4353 1858 4428 ecclesie
1871 4355 1952 4428 iun·

540 4482 639 4556 detor
652 4480 810 4555 eamdem
828 4479 1008 4554 ecclesiam
1031 4480 1126 4554 omni
1145 4479 1302 4554 libertate
1322 4479 1466 4554 donavit
1485 4479 1623 4578 ipsique
1643 4479 1789 4554 ecclesie
1811 4501 1949 4554 omnem

539 4606 791 4703 possessionem
807 4605 953 4680 eontulit
969 4626 1040 4700 qne
1056 4613 1109 4678 est
1127 4605 1215 4679 inira
1229 4627 1383 4698 murum,
1399 4627 1470 4702 que
1486 4604 1614 4679 dicitur
1631 4607 1733 4680 Brnel
1747 4626 1827 4679 cnm
1845 4605 1946 4697 areis,

539 4731 706 4820 edificiis,
730 4732 845 4827 agris,
869 4732 983 4826 silvis,
1004 4733 1132 4828 pratis,
1162 4733 1318 4828 pascuis,
1343 4733 1444 4828 aquis
1461 4753 1702 4828 aquarumque
1725 4730 1947 4822 decursibus,
