4330 5914
201 614 299 674 raam.
318 611 379 691 to]
657 607 852 672 nrsnosra
878 609 1170 674 nrrnoaramce.
1555 606 1615 668 rer

201 746 270 828 rici
298 745 331 828 ll
357 742 600 829 donationem
633 741 845 851 Rappoloni
872 741 1008 853 majori
1034 743 1247 854 praeposito
1274 743 1419 851 totique
1448 739 1614 850 capitulo

203 877 455 992 augustensis
471 875 649 960 ecelesiae
663 901 777 985 super
794 876 999 961 advocatiis
1011 879 1124 962 villae
1141 877 1318 988 aitingen
1336 875 1490 958 fsomm.

285 1094 380 1176 (sols
402 1095 434 1154 ln
455 1091 584 1156 Honora
606 1091 700 1168 Boia,
714 1097 788 1156 torn.
803 1093 906 1170 XXX,
921 1111 991 1172 pars
1009 1102 1050 1170 1¹,
1064 1111 1096 1173 p.
1113 1104 1182 1169 110,
1197 1092 1459 1167 n0ncht11,ex
1479 1091 1615 1172 originali

322 1201 403 1264 unde
415 1202 547 1282 slglllnm
558 1202 691 1264 nonnllnll
706 1201 819 1264 haum
832 1203 980 1282 appendet
990 1201 1048 1266 fllls
1061 1205 1163 1266 sericis
1180 1202 1261 1266 rubri
1274 1209 1304 1264 st
1314 1200 1374 1264 albi
1387 1196 1516 1280 coloris.)

252 1391 296 1464 Η.
314 1389 377 1464 Dei
404 1388 513 1485 gratia
534 1388 764 1464 llomanornm
787 1409 851 1462 rex
869 1397 904 1462 et
921 1411 1058 1486 semper
1079 1397 1265 1485 angustos,
1285 1387 1458 1464 universis
1480 1385 1614 1482 imperii

205 1515 369 1590 fidelibus
383 1523 453 1588 tarn
472 1513 597 1587 futuris
613 1535 719 1609 qnam
743 1513 980 1610 presentibus,
1005 1512 1148 1608 gratiam
1167 1533 1265 1586 snam
1290 1519 1324 1586 et
1349 1531 1452 1586 omne
1469 1511 1613 1584 bonnm.

204 1641 329 1714 Divino
346 1637 630 1713 remunerationis
645 1638 787 1730 intuitu,
802 1647 868 1712 etc.
881 1636 1051 1738 [Sequitur
1061 1639 1101 1712 de
1111 1641 1207 1710 verbo
1218 1638 1263 1710 od
1276 1639 1410 1710 carlom
1421 1647 1458 1708 ot
1474 1637 1616 1730 inproc-

205 1765 332 1837 cedeoti
353 1761 436 1861 (oid.
457 1786 576 1857 supro,
592 1787 629 1858 p.
647 1758 759 1858 7⁴9),
780 1763 849 1834 olai
867 1763 955 1857 qood
962 1787 1026 1858 pro
1045 1763 1138 1858 regis
1153 1765 1384 1837 Romanorum
1403 1762 1524 1856 lepitor
1545 1761 1615 1834 im-

205 1889 372 1987 peratoris
388 1889 632 1963 Romanorum.
653 1887 760 1960 Notae
776 1899 891 1961 autem
908 1889 1149 1983 cirorwlopicoc
1168 1889 1250 1960 nme
1266 1897 1344 1960 sont
1361 1883 1391 1986 ε]

253 2013 354 2088 Anno
373 2012 546 2088 dominice
562 2013 805 2088 incamnlionis
818 2013 1000 2088 millesimo
1013 2013 1250 2087 ducentesimo
1264 2011 1429 2086 vicesimo
1446 2009 1612 2104 secondo,

205 2141 266 2214 llll
283 2139 450 2214 kalendas
461 2139 565 2234 junii,
582 2139 770 2214 indictione
786 2139 904 2238 Vllll(
929 2139 957 2238 ).

421 2487 806 2502 -ψ

260 2788 465 2897 Hannone,
488 2789 748 2874 Romanorum
774 2817 860 2900 rex,
881 2791 931 2875 ad
947 2788 1196 2874 imitationem
1222 2789 1340 2900 patris
1367 2790 1427 2873 sni
1456 2791 1615 2873 domum
1655 2815 1813 2925 ruffi

204 2923 405 3034 hospitalis
433 2923 593 3008 Sanctae
618 2925 758 3012 Mariae
779 2926 819 3008 in
847 2925 971 3040 burgo
991 2950 1061 3009 suo
1084 2925 1186 3036 apud
1212 2924 1368 3010 latram
1389 2951 1478 3008 oum
1504 2924 1615 3010 honis
1689 2925 1778 2981 ’Μ

204 3067 246 3142 el
262 3058 433 3170 personis
447 3057 530 3170 ejus
549 3059 622 3144 sub
635 3085 705 3144 sua
724 3059 876 3171 speciali
891 3059 1120 3170 protectione
1137 3057 1281 3169 recipit.

291 3275 399 3356 (mlo.
423 3277 532 3354 parlim
561 3275 745 3351 Scnsnrar,
772 3277 881 3338 Hister.
905 3277 1024 3357 episcop.
1057 3275 1209 3352 Wororot„
1232 3273 1298 3338 cod.
1323 3273 1454 3353 probat,
1477 3291 1508 3354 p.
1538 3281 1615 3348 loa,

328 3391 362 3444 n‘
374 3383 471 3463 oxu,
485 3399 524 3444 ex
541 3383 668 3446 chartul.
682 3389 808 3445 monast.
824 3384 1000 3460 Lntrensls.)

257 3569 296 3640 ln
314 3570 454 3644 nomine
467 3579 587 3645 sancte
600 3579 637 3644 et
653 3569 836 3647 individae
853 3570 1038 3646 Trinitatis.
1054 3571 1234 3646 Heinricns
1246 3571 1414 3670 septimus
1430 3571 1492 3646 llei
1510 3572 1619 3668 gratia

206 3693 441 3768 Romanomm
467 3717 548 3788 rex,
571 3716 708 3793 semper
731 3705 913 3791 angustus.
945 3693 1002 3772 Ad
1031 3695 1271 3770 universorum
1302 3695 1435 3794 imperii
1464 3693 1619 3771 fidelium

207 3821 421 3918 presentium
445 3830 480 3894 et
504 3822 699 3896 futurorum
723 3821 878 3895 notitiam
906 3819 1074 3896 dommus
1097 3820 1340 3918 perierandum
1363 3820 1459 3918 qnod
1484 3842 1548 3896 nos
1572 3821 1619 3896 ed

208 3943 435 4019 imitationem
453 3944 586 4020 domini
608 3955 644 4022 et
660 3945 826 4042 genitoris
846 3946 953 4020 nostri
970 3945 1132 4020 l'riderioi
1157 3947 1366 4022 serenissimi
1387 3947 1619 4022 Romanorum

106 4159 110 4166 Ι
207 4067 425 4164 imperatoris
438 4078 473 4143 et
495 4071 588 4166 regis
604 4071 733 4161 Sicilie,
760 4071 962 4146 familiarem
980 4092 1021 4146 ac
1038 4071 1198 4148 dilectam
1219 4073 1319 4148 nobis
1341 4071 1620 4170 domumhospi·

208 4192 287 4266 talis
311 4195 436 4268 Sancte
462 4195 624 4270 Maricio
645 4197 756 4294 borgo
772 4205 888 4272 nostro
907 4195 1004 4294 apnd
1021 4198 1182 4290 Lutram,
1201 4207 1268 4273 eto.
1290 4198 1357 4272 sub
1378 4197 1562 4295 specialem
1585 4205 1620 4272 el

209 4317 446 4394 omnimodam
465 4342 546 4394 com
565 4321 727 4396 omnibns
742 4322 843 4398 bonis
865 4323 938 4397 sois
957 4332 993 4398 et
1014 4322 1170 4420 personis
1190 4323 1337 4398 Domino
1355 4323 1427 4396 illie
1448 4323 1617 4398 lamnian-

207 4440 300 4516 tibns
325 4444 519 4542 recepimus
537 4447 780 4544 protectionem
802 4501 1008 4523 .......
1026 4446 1083 4521 Ad
1109 4450 1210 4542 cojns
1233 4449 1283 4522 rei
1307 4447 1517 4546 perhennem
1541 4472 1620 4527 me·
1691 4495 1696 4504 ·

245 4751 282 4826 (l)
298 4753 338 4813 lle
350 4755 402 4814 ista
412 4773 523 4818 erronea
531 4759 684 4821 indictionis
696 4763 845 4836 notatione,
857 4762 892 4822 ol.
905 4777 986 4838 snpra
998 4781 1027 4840 p.
1037 4765 1101 4836 72⁰,
1115 4769 1170 4822 not.
1184 4765 1212 4822 2.
