4324 5912
567 593 629 657 952
1068 631 1072 640 ·
1116 591 1432 654 Abnllttllllttt.

571 729 771 804 maritorum
785 725 968 824 participes
981 749 1045 801 nus
1057 727 1147 801 effici
1159 728 1454 826 cupientes,sicut
1466 727 1685 804 adnossuas
1695 727 1901 804 mundone
1913 731 1987 804 ieli-

572 855 658 928 citer
672 851 916 944 devolvernnt‚
934 853 985 926 sic
1001 873 1061 926 eas
1075 861 1162 928 totas
1173 863 1208 928 et
1221 855 1432 950 integraliter
1444 855 1502 952 pie
1515 854 1639 928 mentis
1651 855 1776 928 adactu
1787 856 1988 951 complexas

572 981 780 1053 innovamus
796 986 830 1051 et
846 985 938 1052 ratas
952 986 988 1050 et
1002 977 1117 1051 iirmas
1130 978 1350 1054 decernimus
1360 979 1566 1070 observem
1582 979 1699 1054 omnia
1716 978 1782 1052 bec
1798 989 1834 1052 et
1851 980 1987 1074 singula

571 1113 762 1204 prenotata,
775 1101 975 1180 confirmata
987 1125 1050 1200 per
1062 1125 1126 1178 nos
1136 1115 1171 1178 et
1183 1105 1360 1198 innovata,
1376 1113 1412 1178 ct
1419 1103 1511 1178 bona
1521 1125 1592 1200 qne
1600 1105 1673 1198 jam
1682 1101 1862 1200 possident
1873 1113 1909 1176 at
1918 1124 1987 1198 que

571 1229 765 1326 possessuri
787 1238 869 1302 sunt
886 1229 1124 1322 justismodis
1149 1229 1296 1304 Domino
1321 1231 1401 1304 Iesu
1424 1229 1556 1302 Christo
1578 1251 1620 1302 ac
1637 1229 1837 1302 intemerate
1853 1228 1987 1320 Virgini

571 1355 678 1430 Maria
701 1353 859 1448 genitrici
887 1356 962 1448 ejus
986 1376 1047 1450 pro
1067 1353 1221 1428 remedio
1243 1364 1438 1430 nostrorum
1457 1355 1698 1450 peccaminum
1719 1353 1889 1448 jamdicto
1913 1355 1988 1427 loco

574 1479 611 1552 in
636 1480 775 1574 plenam
801 1487 836 1550 et
862 1489 1064 1576 perpetuam
1089 1480 1332 1576 proprietatem
1360 1481 1463 1554 etiam
1481 1479 1663 1554 offerentes
1679 1489 1714 1552 et
1737 1477 1861 1554 dantes
1881 1478 1988 1551 libem

574 1603 795 1702 possidenda.
816 1603 860 1675 Et
877 1612 917 1676 ut
933 1604 1080 1700 amplior
1095 1603 1142 1678 ad
1159 1605 1221 1678 Dei
1244 1607 1376 1677 cultum
1401 1605 1532 1678 ibidem
1553 1603 1799 1678 famulantibus
1817 1611 1989 1676 accrescat

574 1729 731 1822 devotio,
758 1737 829 1800 tam
858 1729 1080 1825 solleupniter
1111 1729 1312 1802 instructam
1342 1729 1588 1803 donationibus
1619 1729 1799 1802 ecclesiam
1829 1727 1987 1824 ampliori

574 1853 742 1928 beneficio
760 1863 875 1928 nostre
891 1853 1086 1930 donationis
1106 1857 1360 1930 essevolumus
1374 1855 1580 1952 locupletem
1599 1880 1607 1925 :
1626 1853 1751 1927 damus
1764 1853 1857 1927 etde
1874 1863 1987 1927 nostra

576 1981 670 2076 regia
688 1988 853 2076 perpetuo
873 1979 1098 2054 concedimus
1113 1989 1281 2076 potestate
1296 1989 1337 2053 ut
1349 1979 1379 2053 si
1391 1977 1480 2074 quid
1497 1979 1534 2052 in
1550 1979 1704 2051 terminis
1717 1981 1791 2074 jam
1813 1978 1988 2075 sepedicto

576 2105 784 2180 monasterio
802 2105 870 2178 hiis
889 2105 976 2178 rivis
994 2114 1029 2179 et
1046 2105 1163 2179 fluviis
1185 2105 1358 2198 limitetis,
1380 2105 1509 2178 scilicet
1530 2125 1654 2178 versus
1672 2105 1837 2178 oriem
1862 2106 1986 2200 Scape,

576 2253 700 2306 versus
723 2237 879 2304 austmm
901 2229 1065 2303 Wirsuitz
1082 2229 1154 2328 (t),
1179 2253 1301 2305 versus
1324 2231 1538 2306 occidentem
1560 2229 1682 2304 liuida
1704 2239 1740 2302 et
1757 2251 1880 2304 versus
1903 2251 1991 2326 sep-

577 2355 783 2429 tentrionem
812 2353 990 2428 Lozcbaba
1006 2353 1072 2450 (2),
1101 2355 1136 2428 iu
1162 2353 1289 2430 iodinis
1314 2355 1411 2448 auri,
1435 2356 1589 2450 argenti,
1611 2356 1694 2428 salis
1717 2364 1778 2428 aut
1805 2355 1991 2448 cujuslibet

576 2479 646 2552 eris
663 2487 724 2552 aut
741 2479 882 2570 metalli,
900 2479 1057 2552 utilitatis
1073 2490 1134 2552 ant
1146 2479 1320 2554 commodi
1337 2489 1511 2576 repertum
1527 2489 1588 2552 aut
1601 2479 1855 2554 manifestatum
1871 2479 1988 2568 fucrit,

576 2603 666 2678 sicut
683 2603 783 2676 nobis
803 2613 838 2676 et
855 2604 1000 2700 imperio
1018 2604 1203 2700 pertinuit,
1220 2627 1302 2678 cum
1320 2607 1399 2700 jure
1424 2603 1492 2680 sibi
1514 2605 1682 2700 portinent
1708 2605 1889 2699 integram
1909 2627 1989 2678 cum

577 2728 671 2804 idem
691 2729 936 2804 monasterium
959 2731 1233 2804 antecessoribus
1259 2729 1384 2804 nostris
1406 2731 1636 2804 Romanorum
1657 2729 1925 2825 imperatoribus
1949 2753 1991 2805 ac

578 2853 719 2948 regibus
735 2852 888 2949 quedam
906 2855 1125 2952 prerogativa
1148 2854 1332 2930 dilectione
1355 2875 1492 2952 semper
1506 2873 1683 2929 annexum
1705 2853 1808 2928 luerit
1823 2865 1858 2928 at
1882 2857 1991 2950 gratia

579 2979 733 3074 speciali.
755 2979 846 3052 Nulli
862 3001 946 3074 ergo
963 3001 1118 3074 uuquam
1136 2979 1333 3054 mortalium
1349 2979 1450 3054 liceat
1469 2980 1560 3054 banc
1576 2985 1692 3054 nosue
1708 2978 1988 3071 confirmationis,

579 3100 813 3176 innovationis
830 3111 866 3178 at
886 3102 1083 3178 donationis
1102 3105 1266 3200 paginam
1283 3103 1470 3200 infringere
1495 3105 1553 3180 vel
1571 3103 1687 3180 eidem
1704 3127 1793 3178 ausu
1814 3107 1991 3180 temerario

580 3227 768 3320 contrairc;
789 3226 885 3322 quod
902 3228 964 3323 qui
982 3229 1117 3322 lecerit,
1138 3231 1383 3326 omnipotentis
1401 3229 1464 3304 Dei
1486 3229 1573 3303 iram
1591 3251 1634 3305 ac
1651 3239 1801 3306 nostram
1826 3232 1991 3306 offensam
2148 3333 2149 3336 p

579 3373 619 3427 sc
634 3373 705 3428 non
721 3353 858 3428 dubitet
868 3353 1103 3445 incursurum,
1117 3363 1153 3427 et
1168 3377 1231 3452 pro
1246 3377 1335 3452 pena
1349 3353 1630 3448 transgressionis
1641 3356 1718 3430 auri
1734 3365 1874 3430 cantum
1890 3357 1992 3430 libras

580 3487 776 3576 componat,
790 3478 973 3554 dimidium
991 3480 1075 3556 fisco
1089 3491 1217 3576 nostro,
1228 3482 1402 3578 reliquum
1419 3481 1581 3576 injuriam
1598 3481 1721 3578 passis.
1742 3483 1786 3556 Ut
1799 3491 1918 3556 autem
1930 3481 1991 3556 bec

580 3603 680 3678 firma
704 3605 880 3700 perpetuis
899 3607 1025 3680 seculis
1045 3617 1283 3704 permancant,
1306 3605 1398 3682 hanc
1418 3607 1583 3704 pagiuam
1605 3607 1731 3704 typarii
1751 3607 1859 3682 nostri
1876 3607 1992 3682 muni·
2148 3633 2149 3714 3

580 3727 675 3800 mina
686 3729 854 3820 jussimus
869 3729 1034 3804 roborari.
2148 3801 2149 3808 r

483 3949 490 3966 .
630 3853 742 3946 Hujus
758 3853 807 3928 rei
829 3861 933 3928 testes
955 3865 1039 3928 suut
1057 3856 1263 3932 bertholdus
1278 3857 1519 3952 Aoquilliensis
1542 3856 1756 3953 patriarcha,
1773 3856 1992 3932 Eberhardns

581 3978 840 4072 salzburgensis
880 3979 1181 4077 archiepiscopus,
1213 3981 1426 4056 llckebartus
1462 3983 1645 4080 episcopus
1676 3983 1988 4080 Babeubergensis,

582 4102 795 4176 Ludewicus
808 4102 884 4178 dux
903 4103 1062 4194 Babario,
1083 4105 1246 4180 Albertus
1263 4127 1379 4182 comcs
1395 4105 1441 4182 de
1457 4107 1572 4204 Tyrul,
1593 4107 1797 4205 liudolphus
1817 4131 1931 4184 comes
1948 4107 1992 4182 dc

583 4226 842 4321 liabichsburg‚
864 4227 1068 4302 wilhelmus
1093 4251 1208 4304 comes
1226 4229 1271 4304 dc
1289 4231 1472 4324 llunburc,
1494 4231 1709 4306 dermannus
1726 4253 1842 4308 comes
1864 4233 1909 4308 de
1924 4233 1992 4304 Or-

620 4641 659 4716 (t)
677 4641 861 4701 versimiliter
873 4643 1015 4718 Zscbopau
1026 4649 1055 4702 et
1071 4643 1344 4703 Wiirrcbaita-Bacb.

622 4736 659 4810 (2)
677 4738 799 4796 Forsitan
815 4740 1036 4815 tutata-lact
1048 4741 1091 4800 vei
1104 4743 1257 4818 lautomia.
