<?xml version="1.0" encoding="UTF-8"?>
<!DOCTYPE html PUBLIC "-//W3C//DTD XHTML 1.0 Transitional//EN"
    "http://www.w3.org/TR/xhtml1/DTD/xhtml1-transitional.dtd">
<html xmlns="http://www.w3.org/1999/xhtml" xml:lang="en" lang="en">
 <head>
  <title>
</title>
<meta http-equiv="Content-Type" content="text/html;charset=utf-8" />
  <meta name='ocr-system' content='tesseract 3.04.00' />
  <meta name='ocr-capabilities' content='ocr_page ocr_carea ocr_par ocr_line ocrx_word'/>
</head>
<body>
  <div class='ocr_page' id='page_1' title='image "./historiadiploma04fredgoog_0133.png"; bbox 0 0 4330 5914; ppageno 0'>
   <div class='ocr_carea' id='block_1_1' title="bbox 539 554 1955 637">
    <p class='ocr_par' dir='ltr' id='par_1_1' title="bbox 539 554 1955 637">
     <span class='ocr_line' id='line_1_1' title="bbox 539 554 1955 637; baseline 0.001 -21"><span class='ocrx_word' id='word_1_1' title='bbox 539 554 600 616; x_wconf 80' lang='lat' dir='ltr'>ree</span> <span class='ocrx_word' id='word_1_2' title='bbox 1066 555 1239 617; x_wconf 83' lang='lat' dir='ltr'>uuunrcr</span> <span class='ocrx_word' id='word_1_3' title='bbox 1267 555 1437 617; x_wconf 77' lang='lat' dir='ltr'>scrutur</span> <span class='ocrx_word' id='word_1_4' title='bbox 1762 558 1844 637; x_wconf 70' lang='lat' dir='ltr'>[no.</span> <span class='ocrx_word' id='word_1_5' title='bbox 1862 558 1955 621; x_wconf 75' lang='lat' dir='ltr'>iser.</span> 
     </span>
    </p>
   </div>
   <div class='ocr_carea' id='block_1_2' title="bbox 540 693 1959 3040">
    <p class='ocr_par' dir='ltr' id='par_1_2' title="bbox 540 693 1959 2408">
     <span class='ocr_line' id='line_1_2' title="bbox 588 693 1952 794; baseline 0.002 -26"><span class='ocrx_word' id='word_1_6' title='bbox 588 693 841 789; x_wconf 80' lang='lat' dir='ltr'>Enghelbertus</span> <span class='ocrx_word' id='word_1_7' title='bbox 866 694 928 766; x_wconf 86' lang='lat' dir='ltr'>llei</span> <span class='ocrx_word' id='word_1_8' title='bbox 958 693 1068 788; x_wconf 80' lang='lat' dir='ltr'>gratia</span> <span class='ocrx_word' id='word_1_9' title='bbox 1096 703 1213 766; x_wconf 90' lang='lat' dir='ltr'>sancte</span> <span class='ocrx_word' id='word_1_10' title='bbox 1240 693 1451 768; x_wconf 89' lang='lat' dir='ltr'>Coloniensis</span> <span class='ocrx_word' id='word_1_11' title='bbox 1480 693 1625 768; x_wconf 89' lang='lat' dir='ltr'>ecclesie</span> <span class='ocrx_word' id='word_1_12' title='bbox 1651 695 1952 794; x_wconf 76' lang='lat' dir='ltr'><strong>archiepiscopus,</strong></span> 
     </span>
     <span class='ocr_line' id='line_1_3' title="bbox 541 816 1956 914; baseline 0.001 -22"><span class='ocrx_word' id='word_1_13' title='bbox 541 819 703 893; x_wconf 89' lang='lat' dir='ltr'>omnibus</span> <span class='ocrx_word' id='word_1_14' title='bbox 719 818 848 912; x_wconf 91' lang='lat' dir='ltr'>quibus</span> <span class='ocrx_word' id='word_1_15' title='bbox 866 817 995 890; x_wconf 74' lang='lat' dir='ltr'><strong>litteras</strong></span> <span class='ocrx_word' id='word_1_16' title='bbox 1012 817 1094 892; x_wconf 88' lang='lat' dir='ltr'>istas</span> <span class='ocrx_word' id='word_1_17' title='bbox 1112 816 1234 890; x_wconf 89' lang='lat' dir='ltr'>videre</span> <span class='ocrx_word' id='word_1_18' title='bbox 1251 817 1432 914; x_wconf 81' lang='lat' dir='ltr'>contigerit</span> <span class='ocrx_word' id='word_1_19' title='bbox 1445 817 1589 892; x_wconf 85' lang='lat' dir='ltr'>salutem</span> <span class='ocrx_word' id='word_1_20' title='bbox 1605 819 1642 890; x_wconf 95' lang='lat' dir='ltr'>in</span> <span class='ocrx_word' id='word_1_21' title='bbox 1655 821 1814 893; x_wconf 89' lang='lat' dir='ltr'>Domino.</span> <span class='ocrx_word' id='word_1_22' title='bbox 1832 822 1956 896; x_wconf 84' lang='lat' dir='ltr'>Nove-</span> 
     </span>
     <span class='ocr_line' id='line_1_4' title="bbox 540 941 1955 1040; baseline 0.003 -25"><span class='ocrx_word' id='word_1_23' title='bbox 540 943 614 1016; x_wconf 91' lang='lat' dir='ltr'>ritis</span> <span class='ocrx_word' id='word_1_24' title='bbox 632 941 729 1040; x_wconf 88' lang='lat' dir='ltr'>quod</span> <span class='ocrx_word' id='word_1_25' title='bbox 745 951 922 1038; x_wconf 79' lang='lat' dir='ltr'>presentes</span> <span class='ocrx_word' id='word_1_26' title='bbox 939 941 1069 1014; x_wconf 91' lang='lat' dir='ltr'>luimus</span> <span class='ocrx_word' id='word_1_27' title='bbox 1084 941 1145 1013; x_wconf 92' lang='lat' dir='ltr'>ubi</span> <span class='ocrx_word' id='word_1_28' title='bbox 1165 942 1328 1015; x_wconf 89' lang='lat' dir='ltr'>dominus</span> <span class='ocrx_word' id='word_1_29' title='bbox 1342 951 1457 1016; x_wconf 88' lang='lat' dir='ltr'>noster</span> <span class='ocrx_word' id='word_1_30' title='bbox 1479 943 1649 1016; x_wconf 87' lang='lat' dir='ltr'>Heuricus</span> <span class='ocrx_word' id='word_1_31' title='bbox 1662 944 1803 1018; x_wconf 90' lang='lat' dir='ltr'>illustris</span> <span class='ocrx_word' id='word_1_32' title='bbox 1821 945 1955 1020; x_wconf 86' lang='lat' dir='ltr'>Remu-</span> 
     </span>
     <span class='ocr_line' id='line_1_5' title="bbox 541 1066 1956 1162; baseline 0.004 -24"><span class='ocrx_word' id='word_1_33' title='bbox 541 1089 664 1139; x_wconf 92' lang='lat' dir='ltr'>nornm</span> <span class='ocrx_word' id='word_1_34' title='bbox 682 1087 746 1140; x_wconf 83' lang='lat' dir='ltr'>rex</span> <span class='ocrx_word' id='word_1_35' title='bbox 764 1075 799 1140; x_wconf 92' lang='lat' dir='ltr'>et</span> <span class='ocrx_word' id='word_1_36' title='bbox 819 1087 956 1162; x_wconf 82' lang='lat' dir='ltr'>semper</span> <span class='ocrx_word' id='word_1_37' title='bbox 978 1075 1149 1159; x_wconf 80' lang='lat' dir='ltr'>augustus</span> <span class='ocrx_word' id='word_1_38' title='bbox 1169 1066 1348 1141; x_wconf 90' lang='lat' dir='ltr'>revocavit</span> <span class='ocrx_word' id='word_1_39' title='bbox 1370 1067 1406 1138; x_wconf 96' lang='lat' dir='ltr'>in</span> <span class='ocrx_word' id='word_1_40' title='bbox 1427 1067 1562 1140; x_wconf 89' lang='lat' dir='ltr'>irritum</span> <span class='ocrx_word' id='word_1_41' title='bbox 1583 1077 1618 1142; x_wconf 89' lang='lat' dir='ltr'>et</span> <span class='ocrx_word' id='word_1_42' title='bbox 1635 1068 1682 1142; x_wconf 89' lang='lat' dir='ltr'>ad</span> <span class='ocrx_word' id='word_1_43' title='bbox 1704 1070 1873 1143; x_wconf 91' lang='lat' dir='ltr'>nichilum</span> <span class='ocrx_word' id='word_1_44' title='bbox 1894 1094 1956 1144; x_wconf 90' lang='lat' dir='ltr'>re-</span> 
     </span>
     <span class='ocr_line' id='line_1_6' title="bbox 540 1189 1956 1290; baseline 0.004 -26"><span class='ocrx_word' id='word_1_45' title='bbox 540 1191 637 1286; x_wconf 82' lang='lat' dir='ltr'>degit</span> <span class='ocrx_word' id='word_1_46' title='bbox 663 1191 867 1264; x_wconf 85' lang='lat' dir='ltr'>sententiam</span> <span class='ocrx_word' id='word_1_47' title='bbox 898 1191 992 1263; x_wconf 92' lang='lat' dir='ltr'>illam</span> <span class='ocrx_word' id='word_1_48' title='bbox 1020 1213 1090 1286; x_wconf 90' lang='lat' dir='ltr'>que</span> <span class='ocrx_word' id='word_1_49' title='bbox 1114 1189 1196 1264; x_wconf 86' lang='lat' dir='ltr'>data</span> <span class='ocrx_word' id='word_1_50' title='bbox 1219 1191 1285 1262; x_wconf 82' lang='lat' dir='ltr'>fuit</span> <span class='ocrx_word' id='word_1_51' title='bbox 1309 1190 1406 1286; x_wconf 91' lang='lat' dir='ltr'>apud</span> <span class='ocrx_word' id='word_1_52' title='bbox 1432 1191 1717 1266; x_wconf 82' lang='lat' dir='ltr'>Franckenvorde</span> <span class='ocrx_word' id='word_1_53' title='bbox 1741 1215 1805 1290; x_wconf 92' lang='lat' dir='ltr'>pro</span> <span class='ocrx_word' id='word_1_54' title='bbox 1831 1195 1956 1270; x_wconf 90' lang='lat' dir='ltr'>comite</span> 
     </span>
     <span class='ocr_line' id='line_1_7' title="bbox 540 1315 1956 1415; baseline 0.003 -27"><span class='ocrx_word' id='word_1_55' title='bbox 540 1316 721 1390; x_wconf 89' lang='lat' dir='ltr'>Hollandie</span> <span class='ocrx_word' id='word_1_56' title='bbox 743 1315 941 1389; x_wconf 90' lang='lat' dir='ltr'>Willhelmo</span> <span class='ocrx_word' id='word_1_57' title='bbox 964 1323 1083 1390; x_wconf 83' lang='lat' dir='ltr'>contre</span> <span class='ocrx_word' id='word_1_58' title='bbox 1105 1315 1280 1411; x_wconf 79' lang='lat' dir='ltr'>egregiam</span> <span class='ocrx_word' id='word_1_59' title='bbox 1303 1316 1463 1390; x_wconf 85' lang='lat' dir='ltr'>Flendrie</span> <span class='ocrx_word' id='word_1_60' title='bbox 1487 1325 1523 1389; x_wconf 90' lang='lat' dir='ltr'>et</span> <span class='ocrx_word' id='word_1_61' title='bbox 1545 1319 1724 1415; x_wconf 78' lang='lat' dir='ltr'>Hapnonie</span> <span class='ocrx_word' id='word_1_62' title='bbox 1745 1319 1956 1394; x_wconf 90' lang='lat' dir='ltr'>comitissam</span> 
     </span>
     <span class='ocr_line' id='line_1_8' title="bbox 541 1439 1955 1538; baseline 0.002 -24"><span class='ocrx_word' id='word_1_63' title='bbox 541 1441 746 1534; x_wconf 79' lang='lat' dir='ltr'>Iohannem,</span> <span class='ocrx_word' id='word_1_64' title='bbox 761 1440 926 1514; x_wconf 84' lang='lat' dir='ltr'>videlicet</span> <span class='ocrx_word' id='word_1_65' title='bbox 937 1439 983 1514; x_wconf 92' lang='lat' dir='ltr'>de</span> <span class='ocrx_word' id='word_1_66' title='bbox 1000 1461 1042 1513; x_wconf 91' lang='lat' dir='ltr'>eo</span> <span class='ocrx_word' id='word_1_67' title='bbox 1057 1441 1154 1536; x_wconf 90' lang='lat' dir='ltr'>quod</span> <span class='ocrx_word' id='word_1_68' title='bbox 1167 1440 1242 1536; x_wconf 88' lang='lat' dir='ltr'>ipse</span> <span class='ocrx_word' id='word_1_69' title='bbox 1258 1463 1373 1514; x_wconf 90' lang='lat' dir='ltr'>comes</span> <span class='ocrx_word' id='word_1_70' title='bbox 1388 1441 1606 1514; x_wconf 89' lang='lat' dir='ltr'>Willhelmus</span> <span class='ocrx_word' id='word_1_71' title='bbox 1619 1443 1749 1538; x_wconf 90' lang='lat' dir='ltr'>recepit</span> <span class='ocrx_word' id='word_1_72' title='bbox 1763 1443 1799 1514; x_wconf 93' lang='lat' dir='ltr'>in</span> <span class='ocrx_word' id='word_1_73' title='bbox 1815 1445 1955 1519; x_wconf 84' lang='lat' dir='ltr'>feodum</span> 
     </span>
     <span class='ocr_line' id='line_1_9' title="bbox 542 1565 1957 1664; baseline 0.001 -25"><span class='ocrx_word' id='word_1_74' title='bbox 542 1567 587 1640; x_wconf 91' lang='lat' dir='ltr'>de</span> <span class='ocrx_word' id='word_1_75' title='bbox 607 1567 749 1644; x_wconf 86' lang='lat' dir='ltr'>domiuo</span> <span class='ocrx_word' id='word_1_76' title='bbox 767 1575 883 1640; x_wconf 90' lang='lat' dir='ltr'>nostro</span> <span class='ocrx_word' id='word_1_77' title='bbox 903 1565 1084 1640; x_wconf 87' lang='lat' dir='ltr'>karissimo</span> <span class='ocrx_word' id='word_1_78' title='bbox 1102 1565 1284 1640; x_wconf 86' lang='lat' dir='ltr'>Frederico</span> <span class='ocrx_word' id='word_1_79' title='bbox 1306 1567 1371 1639; x_wconf 88' lang='lat' dir='ltr'>Dei</span> <span class='ocrx_word' id='word_1_80' title='bbox 1390 1567 1499 1661; x_wconf 82' lang='lat' dir='ltr'>gratia</span> <span class='ocrx_word' id='word_1_81' title='bbox 1521 1575 1604 1639; x_wconf 91' lang='lat' dir='ltr'>tunc</span> <span class='ocrx_word' id='word_1_82' title='bbox 1621 1568 1854 1641; x_wconf 86' lang='lat' dir='ltr'>Romanorum</span> <span class='ocrx_word' id='word_1_83' title='bbox 1875 1591 1957 1664; x_wconf 76' lang='lat' dir='ltr'>rege</span> 
     </span>
     <span class='ocr_line' id='line_1_10' title="bbox 541 1691 1958 1788; baseline 0.001 -24"><span class='ocrx_word' id='word_1_84' title='bbox 541 1701 576 1764; x_wconf 93' lang='lat' dir='ltr'>et</span> <span class='ocrx_word' id='word_1_85' title='bbox 593 1713 729 1786; x_wconf 82' lang='lat' dir='ltr'>semper</span> <span class='ocrx_word' id='word_1_86' title='bbox 741 1701 903 1786; x_wconf 80' lang='lat' dir='ltr'>augusto,</span> <span class='ocrx_word' id='word_1_87' title='bbox 926 1713 1021 1764; x_wconf 93' lang='lat' dir='ltr'>nunc</span> <span class='ocrx_word' id='word_1_88' title='bbox 1041 1699 1158 1764; x_wconf 89' lang='lat' dir='ltr'>autem</span> <span class='ocrx_word' id='word_1_89' title='bbox 1181 1691 1405 1786; x_wconf 83' lang='lat' dir='ltr'>imperatore,</span> <span class='ocrx_word' id='word_1_90' title='bbox 1426 1699 1552 1764; x_wconf 87' lang='lat' dir='ltr'>terram</span> <span class='ocrx_word' id='word_1_91' title='bbox 1569 1714 1675 1787; x_wconf 91' lang='lat' dir='ltr'>quam</span> <span class='ocrx_word' id='word_1_92' title='bbox 1696 1693 1772 1788; x_wconf 91' lang='lat' dir='ltr'>ipse</span> <span class='ocrx_word' id='word_1_93' title='bbox 1789 1693 1901 1767; x_wconf 89' lang='lat' dir='ltr'>tenuit</span> <span class='ocrx_word' id='word_1_94' title='bbox 1921 1694 1958 1766; x_wconf 91' lang='lat' dir='ltr'>in</span> 
     </span>
     <span class='ocr_line' id='line_1_11' title="bbox 543 1813 1956 1912; baseline 0.005 -28"><span class='ocrx_word' id='word_1_95' title='bbox 543 1814 684 1887; x_wconf 81' lang='lat' dir='ltr'>feodum</span> <span class='ocrx_word' id='word_1_96' title='bbox 703 1814 748 1888; x_wconf 93' lang='lat' dir='ltr'>de</span> <span class='ocrx_word' id='word_1_97' title='bbox 760 1817 891 1910; x_wconf 87' lang='lat' dir='ltr'>prelata</span> <span class='ocrx_word' id='word_1_98' title='bbox 907 1813 1099 1906; x_wconf 86' lang='lat' dir='ltr'>comitissa;</span> <span class='ocrx_word' id='word_1_99' title='bbox 1121 1823 1156 1886; x_wconf 91' lang='lat' dir='ltr'>et</span> <span class='ocrx_word' id='word_1_100' title='bbox 1171 1815 1320 1888; x_wconf 90' lang='lat' dir='ltr'>rationes</span> <span class='ocrx_word' id='word_1_101' title='bbox 1337 1815 1502 1910; x_wconf 86' lang='lat' dir='ltr'>exposuit</span> <span class='ocrx_word' id='word_1_102' title='bbox 1516 1816 1681 1890; x_wconf 89' lang='lat' dir='ltr'>dominus</span> <span class='ocrx_word' id='word_1_103' title='bbox 1694 1837 1758 1890; x_wconf 79' lang='lat' dir='ltr'>rex</span> <span class='ocrx_word' id='word_1_104' title='bbox 1773 1819 1956 1912; x_wconf 89' lang='lat' dir='ltr'>llenricus,</span> 
     </span>
     <span class='ocr_line' id='line_1_12' title="bbox 543 1939 1958 2038; baseline 0.002 -27"><span class='ocrx_word' id='word_1_105' title='bbox 543 1939 633 2012; x_wconf 87' lang='lat' dir='ltr'>sicut</span> <span class='ocrx_word' id='word_1_106' title='bbox 652 1939 688 2012; x_wconf 95' lang='lat' dir='ltr'>iu</span> <span class='ocrx_word' id='word_1_107' title='bbox 706 1940 827 2014; x_wconf 91' lang='lat' dir='ltr'>litteris</span> <span class='ocrx_word' id='word_1_108' title='bbox 849 1941 922 2012; x_wconf 92' lang='lat' dir='ltr'>suis</span> <span class='ocrx_word' id='word_1_109' title='bbox 937 1962 1025 2034; x_wconf 89' lang='lat' dir='ltr'>quas</span> <span class='ocrx_word' id='word_1_110' title='bbox 1046 1939 1144 2014; x_wconf 90' lang='lat' dir='ltr'>dedit</span> <span class='ocrx_word' id='word_1_111' title='bbox 1160 1961 1265 2035; x_wconf 92' lang='lat' dir='ltr'>super</span> <span class='ocrx_word' id='word_1_112' title='bbox 1285 1939 1352 2012; x_wconf 91' lang='lat' dir='ltr'>hoc</span> <span class='ocrx_word' id='word_1_113' title='bbox 1373 1941 1610 2036; x_wconf 89' lang='lat' dir='ltr'>prenominate</span> <span class='ocrx_word' id='word_1_114' title='bbox 1630 1941 1802 2014; x_wconf 83' lang='lat' dir='ltr'>comitisse</span> <span class='ocrx_word' id='word_1_115' title='bbox 1819 1942 1958 2038; x_wconf 87' lang='lat' dir='ltr'>plenius</span> 
     </span>
     <span class='ocr_line' id='line_1_13' title="bbox 543 2063 1958 2161; baseline 0 -23"><span class='ocrx_word' id='word_1_116' title='bbox 543 2065 737 2138; x_wconf 87' lang='lat' dir='ltr'>continetur</span> <span class='ocrx_word' id='word_1_117' title='bbox 755 2063 820 2160; x_wconf 89' lang='lat' dir='ltr'>(t).</span> <span class='ocrx_word' id='word_1_118' title='bbox 840 2065 884 2138; x_wconf 85' lang='lat' dir='ltr'>Et</span> <span class='ocrx_word' id='word_1_119' title='bbox 900 2065 966 2137; x_wconf 91' lang='lat' dir='ltr'>hoc</span> <span class='ocrx_word' id='word_1_120' title='bbox 990 2073 1236 2160; x_wconf 77' lang='lat' dir='ltr'>protestamur,</span> <span class='ocrx_word' id='word_1_121' title='bbox 1262 2064 1345 2159; x_wconf 90' lang='lat' dir='ltr'>quia</span> <span class='ocrx_word' id='word_1_122' title='bbox 1362 2086 1425 2161; x_wconf 90' lang='lat' dir='ltr'>per</span> <span class='ocrx_word' id='word_1_123' title='bbox 1442 2066 1624 2138; x_wconf 91' lang='lat' dir='ltr'>consilium</span> <span class='ocrx_word' id='word_1_124' title='bbox 1648 2075 1805 2139; x_wconf 90' lang='lat' dir='ltr'>nostrum</span> <span class='ocrx_word' id='word_1_125' title='bbox 1828 2069 1958 2140; x_wconf 86' lang='lat' dir='ltr'>lactum</span> 
     </span>
     <span class='ocr_line' id='line_1_14' title="bbox 545 2187 1959 2288; baseline 0.005 -30"><span class='ocrx_word' id='word_1_126' title='bbox 545 2187 629 2280; x_wconf 88' lang='lat' dir='ltr'>luit,</span> <span class='ocrx_word' id='word_1_127' title='bbox 656 2197 691 2260; x_wconf 90' lang='lat' dir='ltr'>at</span> <span class='ocrx_word' id='word_1_128' title='bbox 709 2189 746 2260; x_wconf 91' lang='lat' dir='ltr'>in</span> <span class='ocrx_word' id='word_1_129' title='bbox 770 2188 876 2282; x_wconf 89' lang='lat' dir='ltr'>hujus</span> <span class='ocrx_word' id='word_1_130' title='bbox 895 2189 945 2262; x_wconf 92' lang='lat' dir='ltr'>rei</span> <span class='ocrx_word' id='word_1_131' title='bbox 968 2189 1200 2262; x_wconf 88' lang='lat' dir='ltr'>testimouium</span> <span class='ocrx_word' id='word_1_132' title='bbox 1226 2197 1402 2285; x_wconf 89' lang='lat' dir='ltr'>presentes</span> <span class='ocrx_word' id='word_1_133' title='bbox 1422 2189 1552 2264; x_wconf 79' lang='lat' dir='ltr'>litteras</span> <span class='ocrx_word' id='word_1_134' title='bbox 1574 2189 1650 2264; x_wconf 87' lang='lat' dir='ltr'>fieri</span> <span class='ocrx_word' id='word_1_135' title='bbox 1676 2190 1823 2264; x_wconf 81' lang='lat' dir='ltr'>fecimus</span> <span class='ocrx_word' id='word_1_136' title='bbox 1846 2191 1959 2288; x_wconf 84' lang='lat' dir='ltr'>sigillo</span> 
     </span>
     <span class='ocr_line' id='line_1_15' title="bbox 543 2313 853 2408; baseline 0.006 -26"><span class='ocrx_word' id='word_1_137' title='bbox 543 2321 660 2385; x_wconf 90' lang='lat' dir='ltr'>nostro</span> <span class='ocrx_word' id='word_1_138' title='bbox 676 2313 853 2408; x_wconf 83' lang='lat' dir='ltr'>sigillatas.</span> 
     </span>
    </p>

    <p class='ocr_par' dir='ltr' id='par_1_3' title="bbox 544 2437 1958 2663">
     <span class='ocr_line' id='line_1_16' title="bbox 592 2437 1958 2536; baseline 0.005 -28"><span class='ocrx_word' id='word_1_139' title='bbox 592 2439 718 2509; x_wconf 91' lang='lat' dir='ltr'>Datum</span> <span class='ocrx_word' id='word_1_140' title='bbox 736 2437 956 2532; x_wconf 78' lang='lat' dir='ltr'>Maghuntie,</span> <span class='ocrx_word' id='word_1_141' title='bbox 978 2439 1062 2512; x_wconf 86' lang='lat' dir='ltr'>seria</span> <span class='ocrx_word' id='word_1_142' title='bbox 1079 2441 1203 2534; x_wconf 90' lang='lat' dir='ltr'>quintu</span> <span class='ocrx_word' id='word_1_143' title='bbox 1226 2449 1304 2536; x_wconf 90' lang='lat' dir='ltr'>post</span> <span class='ocrx_word' id='word_1_144' title='bbox 1320 2439 1558 2515; x_wconf 84' lang='lat' dir='ltr'>inventionem</span> <span class='ocrx_word' id='word_1_145' title='bbox 1574 2441 1698 2514; x_wconf 87' lang='lat' dir='ltr'>Sancte</span> <span class='ocrx_word' id='word_1_146' title='bbox 1711 2439 1847 2536; x_wconf 91' lang='lat' dir='ltr'>Crucis,</span> <span class='ocrx_word' id='word_1_147' title='bbox 1868 2463 1958 2515; x_wconf 84' lang='lat' dir='ltr'>anno</span> 
     </span>
     <span class='ocr_line' id='line_1_17' title="bbox 544 2563 1786 2663; baseline 0 -23"><span class='ocrx_word' id='word_1_148' title='bbox 544 2565 717 2640; x_wconf 90' lang='lat' dir='ltr'>dominice</span> <span class='ocrx_word' id='word_1_149' title='bbox 740 2564 985 2639; x_wconf 90' lang='lat' dir='ltr'>incarnationis</span> <span class='ocrx_word' id='word_1_150' title='bbox 1007 2565 1190 2638; x_wconf 91' lang='lat' dir='ltr'>millesimo</span> <span class='ocrx_word' id='word_1_151' title='bbox 1212 2563 1448 2640; x_wconf 87' lang='lat' dir='ltr'>ducentesimo</span> <span class='ocrx_word' id='word_1_152' title='bbox 1473 2567 1639 2640; x_wconf 85' lang='lat' dir='ltr'>vicesimo</span> <span class='ocrx_word' id='word_1_153' title='bbox 1660 2567 1786 2663; x_wconf 87' lang='lat' dir='ltr'>primo.</span> 
     </span>
    </p>

    <p class='ocr_par' dir='ltr' id='par_1_4' title="bbox 543 2687 1957 3040">
     <span class='ocr_line' id='line_1_18' title="bbox 593 2687 1957 2788; baseline 0.001 -26"><span class='ocrx_word' id='word_1_154' title='bbox 593 2687 739 2787; x_wconf 82' lang='lat' dir='ltr'>[Extant</span> <span class='ocrx_word' id='word_1_155' title='bbox 760 2688 831 2762; x_wconf 92' lang='lat' dir='ltr'>duo</span> <span class='ocrx_word' id='word_1_156' title='bbox 851 2689 1062 2784; x_wconf 82' lang='lat' dir='ltr'>exemplaria</span> <span class='ocrx_word' id='word_1_157' title='bbox 1089 2689 1245 2782; x_wconf 89' lang='lat' dir='ltr'>ejusdem</span> <span class='ocrx_word' id='word_1_158' title='bbox 1269 2691 1397 2764; x_wconf 90' lang='lat' dir='ltr'>tenoris</span> <span class='ocrx_word' id='word_1_159' title='bbox 1419 2713 1440 2764; x_wconf 89' lang='lat' dir='ltr'>a</span> <span class='ocrx_word' id='word_1_160' title='bbox 1465 2691 1677 2766; x_wconf 83' lang='lat' dir='ltr'>Theoderico</span> <span class='ocrx_word' id='word_1_161' title='bbox 1700 2691 1957 2788; x_wconf 88' lang='lat' dir='ltr'>archiepiscopo</span> 
     </span>
     <span class='ocr_line' id='line_1_19' title="bbox 543 2814 1954 2914; baseline 0.001 -28"><span class='ocrx_word' id='word_1_162' title='bbox 543 2814 745 2908; x_wconf 84' lang='lat' dir='ltr'>Magantiuo</span> <span class='ocrx_word' id='word_1_163' title='bbox 764 2823 798 2887; x_wconf 91' lang='lat' dir='ltr'>et</span> <span class='ocrx_word' id='word_1_164' title='bbox 814 2837 835 2888; x_wconf 88' lang='lat' dir='ltr'>a</span> <span class='ocrx_word' id='word_1_165' title='bbox 851 2815 1016 2887; x_wconf 88' lang='lat' dir='ltr'>Wernero</span> <span class='ocrx_word' id='word_1_166' title='bbox 1039 2815 1084 2888; x_wconf 91' lang='lat' dir='ltr'>de</span> <span class='ocrx_word' id='word_1_167' title='bbox 1103 2815 1270 2888; x_wconf 85' lang='lat' dir='ltr'>Bolendia</span> <span class='ocrx_word' id='word_1_168' title='bbox 1291 2816 1436 2912; x_wconf 91' lang='lat' dir='ltr'>scripta,</span> <span class='ocrx_word' id='word_1_169' title='bbox 1458 2817 1495 2887; x_wconf 94' lang='lat' dir='ltr'>in</span> <span class='ocrx_word' id='word_1_170' title='bbox 1518 2817 1660 2892; x_wconf 87' lang='lat' dir='ltr'>archivo</span> <span class='ocrx_word' id='word_1_171' title='bbox 1685 2817 1844 2914; x_wconf 86' lang='lat' dir='ltr'>provinc.</span> <span class='ocrx_word' id='word_1_172' title='bbox 1865 2815 1954 2890; x_wconf 88' lang='lat' dir='ltr'>Gau·</span> 
     </span>
     <span class='ocr_line' id='line_1_20' title="bbox 544 2935 1671 3040; baseline 0.002 -26"><span class='ocrx_word' id='word_1_173' title='bbox 544 2939 702 3014; x_wconf 89' lang='lat' dir='ltr'>davensi.</span> <span class='ocrx_word' id='word_1_174' title='bbox 730 2939 780 3012; x_wconf 83' lang='lat' dir='ltr'>Cf.</span> <span class='ocrx_word' id='word_1_175' title='bbox 801 2940 1061 3032; x_wconf 76' lang='lat' dir='ltr'>Surus-Gnuors,</span> <span class='ocrx_word' id='word_1_176' title='bbox 1078 2941 1223 3012; x_wconf 81' lang='lat' dir='ltr'>Menum.</span> <span class='ocrx_word' id='word_1_177' title='bbox 1243 2963 1340 3034; x_wconf 74' lang='lat' dir='ltr'>coc,</span> <span class='ocrx_word' id='word_1_178' title='bbox 1359 2965 1395 3038; x_wconf 92' lang='lat' dir='ltr'>p.</span> <span class='ocrx_word' id='word_1_179' title='bbox 1416 2935 1487 3016; x_wconf 77' lang='lat'>507</span> <span class='ocrx_word' id='word_1_180' title='bbox 1501 2951 1535 3016; x_wconf 93' lang='lat' dir='ltr'>et</span> <span class='ocrx_word' id='word_1_181' title='bbox 1552 2938 1671 3040; x_wconf 91' lang='lat' dir='ltr'>seqq.]</span> 
     </span>
    </p>
   </div>
   <div class='ocr_carea' id='block_1_3' title="bbox 1237 3229 1740 3240">
    <p class='ocr_par' dir='ltr' id='par_1_5' title="bbox 1237 3229 1740 3240">
     <span class='ocr_line' id='line_1_21' title="bbox 1237 3229 1740 3240; baseline -0.006 -2"><span class='ocrx_word' id='word_1_182' title='bbox 1237 3229 1740 3240; x_wconf 74' lang='lat'>-....-..-.——----——.</span> 
     </span>
    </p>
   </div>
   <div class='ocr_carea' id='block_1_4' title="bbox 600 3493 1961 3620">
    <p class='ocr_par' dir='ltr' id='par_1_6' title="bbox 600 3493 1961 3620">
     <span class='ocr_line' id='line_1_22' title="bbox 600 3493 1961 3620; baseline -0.006 -28"><span class='ocrx_word' id='word_1_183' title='bbox 600 3493 839 3620; x_wconf 81' lang='lat' dir='ltr'>Conquestus</span> <span class='ocrx_word' id='word_1_184' title='bbox 857 3517 939 3592; x_wconf 86' lang='lat' dir='ltr'>eret</span> <span class='ocrx_word' id='word_1_185' title='bbox 961 3508 1160 3593; x_wconf 83' lang='lat' dir='ltr'>Conradus</span> <span class='ocrx_word' id='word_1_186' title='bbox 1177 3508 1377 3618; x_wconf 90' lang='lat' dir='ltr'>episcopus</span> <span class='ocrx_word' id='word_1_187' title='bbox 1395 3505 1754 3615; x_wconf 84' lang='lat' dir='ltr'>[Hildesheimensis]</span> <span class='ocrx_word' id='word_1_188' title='bbox 1774 3503 1835 3616; x_wconf 78' lang='lat'>(2)</span> <span class='ocrx_word' id='word_1_189' title='bbox 1853 3501 1961 3586; x_wconf 90' lang='lat' dir='ltr'>Heu-</span> 
     </span>
    </p>
   </div>
   <div class='ocr_carea' id='block_1_5' title="bbox 543 3825 1963 4792">
    <p class='ocr_par' dir='ltr' id='par_1_7' title="bbox 544 3825 1962 4104">
     <span class='ocr_line' id='line_1_23' title="bbox 582 3825 1961 3906; baseline -0.004 -19"><span class='ocrx_word' id='word_1_190' title='bbox 582 3829 618 3904; x_wconf 86' lang='lat' dir='ltr'>(t)</span> <span class='ocrx_word' id='word_1_191' title='bbox 632 3829 720 3905; x_wconf 89' lang='lat' dir='ltr'>lpsins</span> <span class='ocrx_word' id='word_1_192' title='bbox 735 3831 844 3890; x_wconf 86' lang='lat' dir='ltr'>llemr&#39;ci</span> <span class='ocrx_word' id='word_1_193' title='bbox 858 3831 963 3890; x_wconf 81' lang='lat' dir='ltr'>litteras</span> <span class='ocrx_word' id='word_1_194' title='bbox 974 3847 1044 3906; x_wconf 86' lang='lat' dir='ltr'>quae</span> <span class='ocrx_word' id='word_1_195' title='bbox 1056 3831 1085 3888; x_wconf 89' lang='lat' dir='ltr'>iu</span> <span class='ocrx_word' id='word_1_196' title='bbox 1098 3829 1207 3890; x_wconf 86' lang='lat' dir='ltr'>archivo</span> <span class='ocrx_word' id='word_1_197' title='bbox 1219 3829 1362 3888; x_wconf 75' lang='lat' dir='ltr'>Par-leiensi</span> <span class='ocrx_word' id='word_1_198' title='bbox 1377 3829 1510 3888; x_wconf 84' lang='lat' dir='ltr'>asservari</span> <span class='ocrx_word' id='word_1_199' title='bbox 1521 3829 1648 3888; x_wconf 86' lang='lat' dir='ltr'>dicrmtur</span> <span class='ocrx_word' id='word_1_200' title='bbox 1663 3827 1728 3904; x_wconf 85' lang='lat' dir='ltr'>(rid.</span> <span class='ocrx_word' id='word_1_201' title='bbox 1742 3829 1901 3897; x_wconf 65' lang='lat' dir='ltr'>Romen,</span> <span class='ocrx_word' id='word_1_202' title='bbox 1915 3825 1961 3882; x_wconf 69' lang='lat' dir='ltr'>lte</span> 
     </span>
     <span class='ocr_line' id='line_1_24' title="bbox 544 3921 1962 4006; baseline -0.004 -20"><span class='ocrx_word' id='word_1_203' title='bbox 544 3937 612 4001; x_wconf 79' lang='lat' dir='ltr'>pest.</span> <span class='ocrx_word' id='word_1_204' title='bbox 629 3930 727 4004; x_wconf 70' lang='lat' dir='ltr'>licor,</span> <span class='ocrx_word' id='word_1_205' title='bbox 739 3947 768 4006; x_wconf 93' lang='lat' dir='ltr'>p.</span> <span class='ocrx_word' id='word_1_206' title='bbox 782 3933 851 4004; x_wconf 63' lang='lat' dir='ltr'>tta,</span> <span class='ocrx_word' id='word_1_207' title='bbox 864 3939 896 3987; x_wconf 82' lang='lat' dir='ltr'>u⁰</span> <span class='ocrx_word' id='word_1_208' title='bbox 912 3931 948 4004; x_wconf 83' lang='grc'>6),</span> <span class='ocrx_word' id='word_1_209' title='bbox 967 3929 1065 3987; x_wconf 72' lang='lat' dir='ltr'>mustra</span> <span class='ocrx_word' id='word_1_210' title='bbox 1076 3929 1278 4004; x_wconf 82' lang='lat' dir='ltr'>requisivimus.</span> <span class='ocrx_word' id='word_1_211' title='bbox 1292 3927 1382 3988; x_wconf 78' lang='lat' dir='ltr'>Facile</span> <span class='ocrx_word' id='word_1_212' title='bbox 1399 3933 1490 3987; x_wconf 66' lang='lat' dir='ltr'>emen</span> <span class='ocrx_word' id='word_1_213' title='bbox 1508 3927 1668 4003; x_wconf 88' lang='lat' dir='ltr'>supplentur</span> <span class='ocrx_word' id='word_1_214' title='bbox 1680 3943 1714 3985; x_wconf 85' lang='lat' dir='ltr'>ex</span> <span class='ocrx_word' id='word_1_215' title='bbox 1724 3925 1819 3984; x_wconf 86' lang='lat' dir='ltr'>litteris</span> <span class='ocrx_word' id='word_1_216' title='bbox 1835 3921 1962 3982; x_wconf 80' lang='lat' dir='ltr'>Fridarici</span> 
     </span>
     <span class='ocr_line' id='line_1_25' title="bbox 546 4027 1134 4104; baseline 0.002 -19"><span class='ocrx_word' id='word_1_217' title='bbox 546 4027 647 4086; x_wconf 88' lang='lat' dir='ltr'>tenoris</span> <span class='ocrx_word' id='word_1_218' title='bbox 658 4027 794 4102; x_wconf 86' lang='lat' dir='ltr'>ejusdem,</span> <span class='ocrx_word' id='word_1_219' title='bbox 808 4044 878 4104; x_wconf 88' lang='lat' dir='ltr'>ques</span> <span class='ocrx_word' id='word_1_220' title='bbox 891 4045 973 4104; x_wconf 91' lang='lat' dir='ltr'>supra</span> <span class='ocrx_word' id='word_1_221' title='bbox 990 4028 1134 4086; x_wconf 89' lang='lat' dir='ltr'>edidimus.</span> 
     </span>
    </p>

    <p class='ocr_par' dir='ltr' id='par_1_8' title="bbox 543 4117 1963 4792">
     <span class='ocr_line' id='line_1_26' title="bbox 583 4117 1962 4202; baseline -0.006 -20"><span class='ocrx_word' id='word_1_222' title='bbox 583 4125 619 4200; x_wconf 62' lang='grc' dir='ltr'>(ἱ)</span> <span class='ocrx_word' id='word_1_223' title='bbox 637 4127 749 4185; x_wconf 82' lang='lat' dir='ltr'>Electus</span> <span class='ocrx_word' id='word_1_224' title='bbox 760 4132 850 4186; x_wconf 85' lang='lat' dir='ltr'>temen</span> <span class='ocrx_word' id='word_1_225' title='bbox 862 4133 927 4186; x_wconf 91' lang='lat' dir='ltr'>tunc</span> <span class='ocrx_word' id='word_1_226' title='bbox 940 4128 1069 4202; x_wconf 86' lang='lat' dir='ltr'>temporis</span> <span class='ocrx_word' id='word_1_227' title='bbox 1081 4141 1171 4201; x_wconf 87' lang='lat' dir='ltr'>neque</span> <span class='ocrx_word' id='word_1_228' title='bbox 1187 4127 1306 4186; x_wconf 89' lang='lat' dir='ltr'>noudum</span> <span class='ocrx_word' id='word_1_229' title='bbox 1317 4127 1462 4202; x_wconf 88' lang='lat' dir='ltr'>episeopus</span> <span class='ocrx_word' id='word_1_230' title='bbox 1473 4123 1567 4184; x_wconf 86' lang='lat' dir='ltr'>heberi</span> <span class='ocrx_word' id='word_1_231' title='bbox 1578 4124 1668 4182; x_wconf 87' lang='lat' dir='ltr'>debet.</span> <span class='ocrx_word' id='word_1_232' title='bbox 1678 4123 1732 4180; x_wconf 88' lang='lat' dir='ltr'>lste</span> <span class='ocrx_word' id='word_1_233' title='bbox 1740 4119 1880 4179; x_wconf 83' lang='lat' dir='ltr'>Comedus</span> <span class='ocrx_word' id='word_1_234' title='bbox 1888 4117 1962 4192; x_wconf 84' lang='lat' dir='ltr'>pn&#39;us</span> 
     </span>
     <span class='ocr_line' id='line_1_27' title="bbox 545 4215 1961 4301; baseline -0.007 -18"><span class='ocrx_word' id='word_1_235' title='bbox 545 4225 702 4299; x_wconf 90' lang='lat' dir='ltr'>capellanus</span> <span class='ocrx_word' id='word_1_236' title='bbox 713 4231 741 4284; x_wconf 90' lang='lat' dir='ltr'>et</span> <span class='ocrx_word' id='word_1_237' title='bbox 751 4225 971 4300; x_wconf 87' lang='lat' dir='ltr'>poenitentiarius</span> <span class='ocrx_word' id='word_1_238' title='bbox 981 4227 1068 4301; x_wconf 80' lang='lat' dir='ltr'>Papae</span> <span class='ocrx_word' id='word_1_239' title='bbox 1079 4268 1086 4298; x_wconf 90' lang='lat'>,</span> <span class='ocrx_word' id='word_1_240' title='bbox 1097 4223 1254 4284; x_wconf 88' lang='lat' dir='ltr'>scolasticus</span> <span class='ocrx_word' id='word_1_241' title='bbox 1264 4225 1445 4298; x_wconf 65' lang='lat' dir='ltr'>negantium,</span> <span class='ocrx_word' id='word_1_242' title='bbox 1459 4225 1493 4282; x_wconf 90' lang='lat' dir='ltr'>ad</span> <span class='ocrx_word' id='word_1_243' title='bbox 1504 4221 1738 4298; x_wconf 75' lang='lat' dir='ltr'>evangelizandum</span> <span class='ocrx_word' id='word_1_244' title='bbox 1749 4219 1863 4277; x_wconf 85' lang='lat' dir='ltr'>verbum</span> <span class='ocrx_word' id='word_1_245' title='bbox 1875 4215 1961 4274; x_wconf 84' lang='lat' dir='ltr'>curris</span> 
     </span>
     <span class='ocr_line' id='line_1_28' title="bbox 544 4317 1961 4398; baseline -0.006 -18"><span class='ocrx_word' id='word_1_246' title='bbox 544 4324 572 4380; x_wconf 91' lang='lat' dir='ltr'>in</span> <span class='ocrx_word' id='word_1_247' title='bbox 579 4324 704 4397; x_wconf 89' lang='lat' dir='ltr'>partibus</span> <span class='ocrx_word' id='word_1_248' title='bbox 710 4325 857 4384; x_wconf 78' lang='lat' dir='ltr'>Teutonico</span> <span class='ocrx_word' id='word_1_249' title='bbox 864 4325 1012 4384; x_wconf 87' lang='lat' dir='ltr'>destinatus</span> <span class='ocrx_word' id='word_1_250' title='bbox 1020 4325 1116 4398; x_wconf 82' lang='lat' dir='ltr'>lueret,</span> <span class='ocrx_word' id='word_1_251' title='bbox 1124 4323 1220 4383; x_wconf 89' lang='lat' dir='ltr'>litteris</span> <span class='ocrx_word' id='word_1_252' title='bbox 1227 4324 1481 4396; x_wconf 84' lang='lat' dir='ltr'>det.Viterbii,XlV</span> <span class='ocrx_word' id='word_1_253' title='bbox 1488 4323 1542 4382; x_wconf 86' lang='lat' dir='ltr'>lral.</span> <span class='ocrx_word' id='word_1_254' title='bbox 1552 4321 1653 4393; x_wconf 84' lang='lat' dir='ltr'>martii,</span> <span class='ocrx_word' id='word_1_255' title='bbox 1662 4317 1783 4394; x_wconf 87' lang='lat' dir='ltr'>pontific.</span> <span class='ocrx_word' id='word_1_256' title='bbox 1790 4331 1861 4375; x_wconf 87' lang='lat' dir='ltr'>anno</span> <span class='ocrx_word' id='word_1_257' title='bbox 1868 4317 1961 4389; x_wconf 86' lang='lat' dir='ltr'>quarte</span> 
     </span>
     <span class='ocr_line' id='line_1_29' title="bbox 545 4413 1959 4498; baseline -0.009 -18"><span class='ocrx_word' id='word_1_258' title='bbox 545 4424 720 4498; x_wconf 64' lang='lat' dir='ltr'>(opscurum,</span> <span class='ocrx_word' id='word_1_259' title='bbox 729 4423 807 4498; x_wconf 68' lang='grc' dir='ltr'>θήρ.</span> <span class='ocrx_word' id='word_1_260' title='bbox 816 4423 915 4498; x_wconf 65' lang='grc' dir='ltr'>(ἶιιιΙῙ.ι</span> <span class='ocrx_word' id='word_1_261' title='bbox 925 4421 1164 4498; x_wconf 62' lang='grc' dir='ltr'><strong>1Π,ιιο486“).7ἰά.</strong></span> <span class='ocrx_word' id='word_1_262' title='bbox 1173 4421 1567 4497; x_wconf 76' lang='lat' dir='ltr'>etiom&#39;suprap.53.lddimus</span> <span class='ocrx_word' id='word_1_263' title='bbox 1577 4413 1959 4496; x_wconf 72' lang='lat' dir='ltr'>quoqueexltegestnouor,</span> 
     </span>
     <span class='ocr_line' id='line_1_30' title="bbox 545 4508 1963 4596; baseline -0.01 -18"><span class='ocrx_word' id='word_1_264' title='bbox 545 4536 616 4579; x_wconf 87' lang='lat' dir='ltr'>anno</span> <span class='ocrx_word' id='word_1_265' title='bbox 623 4521 658 4592; x_wconf 84' lang='lat' dir='ltr'>V,</span> <span class='ocrx_word' id='word_1_266' title='bbox 671 4521 752 4595; x_wconf 87' lang='lat' dir='ltr'>epist.</span> <span class='ocrx_word' id='word_1_267' title='bbox 762 4523 825 4594; x_wconf 73' lang='lat' dir='ltr'>tls,</span> <span class='ocrx_word' id='word_1_268' title='bbox 839 4523 867 4580; x_wconf 92' lang='lat' dir='ltr'>iu</span> <span class='ocrx_word' id='word_1_269' title='bbox 879 4521 982 4581; x_wconf 88' lang='lat' dir='ltr'>collect.</span> <span class='ocrx_word' id='word_1_270' title='bbox 995 4523 1110 4596; x_wconf 84' lang='lat' dir='ltr'>laports</span> <span class='ocrx_word' id='word_1_271' title='bbox 1121 4521 1158 4578; x_wconf 92' lang='lat' dir='ltr'>du</span> <span class='ocrx_word' id='word_1_272' title='bbox 1168 4521 1255 4590; x_wconf 88' lang='lat' dir='ltr'>Theil‚</span> <span class='ocrx_word' id='word_1_273' title='bbox 1268 4519 1371 4579; x_wconf 86' lang='lat' dir='ltr'>litteras</span> <span class='ocrx_word' id='word_1_274' title='bbox 1383 4520 1482 4595; x_wconf 85' lang='lat' dir='ltr'>quibus</span> <span class='ocrx_word' id='word_1_275' title='bbox 1493 4533 1564 4594; x_wconf 84' lang='lat' dir='ltr'>papa</span> <span class='ocrx_word' id='word_1_276' title='bbox 1576 4517 1663 4576; x_wconf 88' lang='lat' dir='ltr'>eidem</span> <span class='ocrx_word' id='word_1_277' title='bbox 1674 4511 1796 4573; x_wconf 84' lang='lat' dir='ltr'>Conrado</span> <span class='ocrx_word' id='word_1_278' title='bbox 1809 4508 1923 4568; x_wconf 87' lang='lat' dir='ltr'>mandat</span> <span class='ocrx_word' id='word_1_279' title='bbox 1932 4512 1963 4565; x_wconf 91' lang='lat' dir='ltr'>ut</span> 
     </span>
     <span class='ocr_line' id='line_1_31' title="bbox 543 4607 1963 4696; baseline -0.007 -22"><span class='ocrx_word' id='word_1_280' title='bbox 543 4618 672 4694; x_wconf 85' lang='lat' dir='ltr'>episcopo</span> <span class='ocrx_word' id='word_1_281' title='bbox 685 4619 796 4678; x_wconf 85' lang='lat' dir='ltr'>lletensi</span> <span class='ocrx_word' id='word_1_282' title='bbox 810 4626 922 4696; x_wconf 83' lang='lat' dir='ltr'>propter</span> <span class='ocrx_word' id='word_1_283' title='bbox 938 4620 1097 4678; x_wconf 86' lang='lat' dir='ltr'>tractionem</span> <span class='ocrx_word' id='word_1_284' title='bbox 1118 4619 1200 4677; x_wconf 88' lang='lat' dir='ltr'>tibiae</span> <span class='ocrx_word' id='word_1_285' title='bbox 1222 4618 1277 4676; x_wconf 83' lang='lat' dir='ltr'>voti</span> <span class='ocrx_word' id='word_1_286' title='bbox 1298 4617 1478 4693; x_wconf 84' lang='lat' dir='ltr'>prosequendi</span> <span class='ocrx_word' id='word_1_287' title='bbox 1500 4616 1653 4675; x_wconf 88' lang='lat' dir='ltr'>dilationem</span> <span class='ocrx_word' id='word_1_288' title='bbox 1674 4609 1825 4670; x_wconf 69' lang='lat' dir='ltr'>concedere</span> <span class='ocrx_word' id='word_1_289' title='bbox 1840 4627 1854 4663; x_wconf 77' lang='lat' dir='ltr'>r</span> <span class='ocrx_word' id='word_1_290' title='bbox 1869 4607 1963 4666; x_wconf 87' lang='lat' dir='ltr'>llouo·</span> 
     </span>
     <span class='ocr_line' id='line_1_32' title="bbox 545 4703 1961 4792; baseline -0.007 -18"><span class='ocrx_word' id='word_1_291' title='bbox 545 4735 558 4771; x_wconf 74' lang='lat' dir='ltr'>n</span> <span class='ocrx_word' id='word_1_292' title='bbox 575 4717 799 4792; x_wconf 87' lang='lat' dir='ltr'>riusepiscopns,</span> <span class='ocrx_word' id='word_1_293' title='bbox 812 4734 907 4778; x_wconf 83' lang='lat' dir='ltr'>servus</span> <span class='ocrx_word' id='word_1_294' title='bbox 924 4733 1064 4778; x_wconf 85' lang='lat' dir='ltr'>servorum</span> <span class='ocrx_word' id='word_1_295' title='bbox 1078 4715 1143 4790; x_wconf 85' lang='lat' dir='ltr'>Dei,</span> <span class='ocrx_word' id='word_1_296' title='bbox 1158 4716 1255 4775; x_wconf 87' lang='lat' dir='ltr'>dilecto</span> <span class='ocrx_word' id='word_1_297' title='bbox 1270 4715 1325 4776; x_wconf 82' lang='lat' dir='ltr'>lilio</span> <span class='ocrx_word' id='word_1_298' title='bbox 1342 4716 1470 4791; x_wconf 81' lang='lat' dir='ltr'>magistro</span> <span class='ocrx_word' id='word_1_299' title='bbox 1488 4712 1611 4774; x_wconf 79' lang='lat' dir='ltr'>Conrado</span> <span class='ocrx_word' id='word_1_300' title='bbox 1635 4709 1773 4786; x_wconf 76' lang='lat' dir='ltr'>capellano</span> <span class='ocrx_word' id='word_1_301' title='bbox 1793 4711 1823 4763; x_wconf 86' lang='lat' dir='ltr'>et</span> <span class='ocrx_word' id='word_1_302' title='bbox 1840 4703 1961 4782; x_wconf 88' lang='lat' dir='ltr'>peniten-</span> 
     </span>
    </p>
   </div>
   <div class='ocr_carea' id='block_1_6' title="bbox 0 0 2179 5912">
    <p class='ocr_par' dir='ltr' id='par_1_9' title="bbox 0 0 2179 5912">
     <span class='ocr_line' id='line_1_33' title="bbox 0 0 2179 5912; baseline 0 0"><span class='ocrx_word' id='word_1_303' title='bbox 0 0 2179 5912; x_wconf 95' lang='lat' dir='ltr'> </span> 
     </span>
    </p>
   </div>
  </div>
 </body>
</html>
