4330 5914
215 547 316 614 baur.
334 546 395 633 10.]
664 541 862 606 HISTORIA
886 543 1181 607 otrtoaarrctt.
1380 553 1384 561 “
1570 544 1630 608 tte

215 685 459 761 confirmantes
477 689 516 754 ut
535 679 631 756 nulla
657 681 799 755 omnino
823 703 970 780 persona
1000 683 1250 776 cujuscumque
1276 681 1379 756 fuerit
1401 678 1626 775 conditionis,

214 813 285 886 alta
306 810 362 884 vel
383 805 542 898 humilis,
560 805 789 882 eeclesiastico
810 807 869 882 rei
891 807 1076 899 secularis,
1101 805 1311 880 antedictum
1328 809 1370 880 o.
1391 805 1552 880 abbatem
1570 807 1626 880 vei

213 937 368 1030 aliquem
387 953 625 1007 successorum
643 953 787 1006 suorum
808 932 844 1004 iu
868 931 970 1006 bouis
986 931 1130 1006 ecclesie
1145 952 1209 1006 sue
1232 940 1408 1028 presumat
1426 931 1628 1027 perturbare

214 1081 281 1134 nec
297 1058 351 1132 eis
366 1057 557 1153 dampnum
574 1055 717 1150 aliquod
737 1057 901 1152 irrogare.
921 1055 1024 1142 Quod
1040 1056 1101 1151 qui
1119 1057 1366 1152 presumpserit
1382 1055 1418 1128 iu
1439 1077 1503 1130 soe
1518 1066 1636 1164 teme3

212 1182 325 1257 ritatis
349 1181 540 1256 vindictam
563 1178 836 1276 indignationem
864 1183 970 1256 nostri
994 1180 1154 1254 culminis
1179 1203 1217 1256 se
1241 1181 1375 1255 noverit
1400 1182 1549 1276 gravitm
1571 1183 1626 1255 in-

211 1329 409 1382 cursmum.
427 1308 558 1381 Damus
574 1313 729 1400 preterea
754 1307 926 1382 universis
953 1305 1136 1403 prepositis
1152 1315 1188 1380 et
1209 1305 1366 1380 officiatis
1389 1306 1514 1380 ansuis
1535 1308 1624 1381 circa

211 1433 447 1530 possessiones
460 1439 708 1528 prememorato
727 1431 873 1505 ecclesie
891 1431 1172 1506 enumerantibus
1184 1430 1326 1506 firmiter
1342 1432 1379 1504 iu
1395 1430 1569 1506 mandatis
1585 1441 1624 1504 ut

210 1558 425 1654 quicumque
446 1556 636 1653 sepefatum
659 1556 820 1631 abbatem
846 1556 882 1629 in
902 1556 1004 1632 bonis
1027 1555 1171 1630 ecclesie
1196 1577 1259 1631 sue
1279 1557 1434 1632 indebite
1451 1565 1486 1632 et
1504 1567 1621 1632 eontra

205 1681 383 1776 justiciam
400 1679 575 1756 offendere
595 1679 857 1777 presumpserit,
875 1679 943 1754 sibi
965 1679 1204 1755 consiliumet
1227 1680 1351 1754 efficax
1374 1681 1546 1755 auxilium
1573 1681 1621 1756 ad

209 1803 450 1880 defensionem
472 1814 508 1878 et
529 1803 714 1879 tuicionem
738 1803 883 1878 ecclesie
907 1826 972 1879 sue
998 1803 1198 1880 nullomodo
1222 1804 1424 1902 impendere
1445 1805 1619 1880 nontradi·

206 1937 290 2002 caut
301 1936 337 2004 et
352 1951 429 2004 eam
451 1937 675 2003 manutenere
690 1937 795 2026 atque
809 1928 995 2004 defendere
1007 1951 1076 2004 nou
1094 1929 1288 2004 obmittant.
1301 1930 1371 2004 Nos
1383 1931 1476 2004 enim
1488 1932 1618 2006 tociens

207 2053 338 2129 dictam
355 2053 536 2128 ecclesiam
553 2053 590 2126 in
606 2054 702 2128 omni
713 2055 793 2149 jnro
805 2063 840 2128 et
853 2054 1011 2130 libertate
1028 2056 1105 2149 eius
1120 2077 1321 2154 permanere
1333 2055 1508 2152 volumus,
1528 2058 1618 2132 sicut

205 2189 360 2276 tempure
385 2178 600 2276 imperatoris
626 2179 776 2252 Heinrici
802 2179 861 2255 avi
886 2179 993 2255 aaut
1019 2179 1135 2254 inclite
1156 2180 1402 2256 recordationis
1428 2181 1619 2256 dinuscitur

205 2305 456 2402 permansisse;
475 2306 572 2380 saluo
591 2305 685 2380 omni
695 2307 775 2402 jure
790 2307 886 2403 quod
903 2328 978 2400 nos,
997 2307 1088 2381 sicut
1099 2307 1335 2406 progenitores
1349 2306 1469 2400 nostri,
1483 2306 1616 2383 ibidem

205 2429 335 2503 babere
352 2429 533 2504 debemus.

253 2555 378 2628 Datum
403 2555 500 2653 apud
521 2557 675 2652 Ulmum,
700 2558 792 2634 v1111
819 2557 985 2636 kalendas
1003 2560 1102 2654 julii,
1128 2557 1318 2634 indictione
1345 2557 1502 2652 decimu,
1523 2579 1614 2633 anno
1723 2591 1728 2599 ·

203 2680 342 2754 Domini
358 2682 407 2755 bi·
423 2681 485 2754 CC⁰
498 2682 576 2756 XX·
592 2684 650 2775 11⁰,
668 2707 760 2760 anno
773 2685 871 2782 regni
884 2685 992 2760 nostri
1006 2685 1131 2783 primo.

251 3288 456 3395 Henricus,
486 3290 746 3376 Romanorum
778 3317 868 3397 rex,
893 3290 1128 3402 praeposito,
1151 3289 1319 3397 decano,
1344 3287 1609 3372 archidiacono
1630 3314 1810 3424 pqppgqqq

197 3422 343 3534 totique
374 3422 540 3534 capitulo
566 3424 763 3508 Leodiensi
789 3423 919 3508 scribit
946 3451 987 3509 se
1017 3423 1262 3509 donationem
1287 3422 1363 3506 illis
1389 3422 1529 3506 iactam
1560 3423 1609 3506 de

196 3557 289 3642 ville
302 3557 440 3644 Freren
463 3560 728 3658 inconvulsam
749 3586 974 3646 conservare
990 3560 1104 3664 velle,
1126 3560 1258 3671 eisque
1269 3557 1473 3643 concedere
1489 3567 1533 3642 ut
1541 3555 1607 3668 jus

194 3691 391 3802 imperiale
416 3705 547 3778 contra
568 3694 794 3779 Brabantiee
816 3695 953 3779 ducem
969 3707 1259 3806 persequantur.

276 3907 396 3988 (laedit.
410 3928 448 3973 ex
462 3912 528 3974 cod.
544 3911 661 3988 Leton,
674 3923 708 3976 n⁰
724 3923 779 3990 ta,
795 3914 849 3978 iol.
864 3923 971 3992 att-90,
986 3933 1024 3978 err
1037 3915 1143 3978 cartul.
1157 3913 1372 3996 vandembcrg,
1386 3915 1417 3976 ta
1430 3913 1512 3976 arch.
1527 3913 1604 3976 Leo-

312 4017 421 4092 dimsi,
435 4018 488 4080 ubi
502 4025 722 4100 transumptum
741 4021 850 4084 dicitur
865 4039 904 4084 ex
925 4024 1077 4104 originali,
1091 4025 1124 4085 tn
1144 4023 1219 4086 libro
1242 4025 1337 4102 primo
1358 4021 1453 4084 chart.
1466 4020 1497 4084 S.
1513 4019 1603 4083 Lam·

310 4123 404 4202 berti,
417 4125 470 4188 soi.
486 4124 569 4209 itt.)

238 4309 421 4388 Heinrious
434 4314 498 4390 Dei
514 4317 625 4412 gratia
640 4318 871 4394 Romanorum
884 4339 948 4391 rex
968 4325 1004 4390 et
1018 4338 1154 4415 semper
1168 4325 1356 4413 augustus,
1377 4314 1513 4390 dilectis
1527 4314 1601 4388 suis

189 4434 222 4507 J.
238 4436 426 4532 preposito,
443 4439 506 4512 Tb.
529 4440 675 4533 demun,
690 4441 933 4516 archidiacono
948 4441 1078 4535 totique
1092 4440 1230 4534 majoris
1247 4439 1389 4531 ecclesie
1402 4437 1603 4512 Leodiensis

192 4561 344 4656 capitulo
361 4563 507 4658 gratiam
522 4587 623 4640 suam
641 4575 676 4640 et
691 4588 793 4642 omne
813 4565 958 4640 bonum.
980 4566 1105 4640 Notum
1126 4565 1226 4640 vobis
1251 4563 1397 4637 iacimus
1418 4564 1514 4661 quod
1538 4585 1602 4637 nos

191 4684 413 4764 donationem
436 4689 530 4764 illam
553 4690 599 4766 de
618 4693 701 4768 villa
721 4694 850 4769 Vreron
873 4715 979 4789 quam
998 4693 1182 4790 imperator
1199 4690 1366 4766 Hemiouu
1383 4711 1473 4764 avus
1491 4700 1606 4764 noster
