4330 5914
519 521 580 584 672
1020 521 1236 584 rtttntttttcl
1262 523 1437 584 securint
1740 524 1821 602 [Ass.
1841 525 1925 586 122&

521 657 627 752 gister
650 655 695 730 ad
718 677 807 751 opus
826 657 982 748 ejusdem
1003 659 1129 732 domus
1153 681 1330 734 assensum
1356 669 1392 732 et
1415 659 1708 734 confirmationem
1728 662 1835 734 nostri
1856 662 1929 734 cul·

520 781 623 853 minis
651 781 765 853 extitit
793 792 991 872 assecutus,
1020 792 1056 856 et
1081 784 1296 856 investiverit
1317 783 1484 856 Iacobum
1515 784 1561 858 de
1586 783 1786 879 Amigdala,
1819 784 1929 856 filium

519 904 696 998 quondam
717 903 758 974 G.
776 903 924 996 iunioris
946 905 1017 978 filie
1046 907 1181 978 comitis
1204 907 1402 994 memorati,
1421 908 1614 981 secundum
1644 907 1928 981 cousuetudinem

518 1029 618 1124 regni
636 1027 899 1101 lemsolimitani
915 1028 961 1102 de
981 1029 1138 1125 portione
1158 1053 1229 1124 que
1247 1032 1416 1124 contingit
1433 1053 1514 1104 eum
1533 1032 1568 1104 iu
1589 1031 1720 1106 eisdem
1741 1033 1842 1104 bouis
1866 1053 1928 1126 pro

517 1163 615 1250 parte
633 1152 726 1226 dicte
746 1152 864 1224 matris
882 1173 964 1241 sue;
982 1152 1097 1226 dictus
1113 1155 1261 1228 lacobus
1283 1155 1328 1228 ds
1348 1163 1464 1227 nostru
1482 1154 1626 1228 licencia
1649 1163 1684 1228 et
1699 1175 1869 1230 consensu
1892 1155 1926 1226 iu

517 1279 695 1375 presencia
709 1288 824 1350 nostra
834 1279 1046 1352 assecuravit
1061 1279 1212 1352 eundem
1226 1280 1429 1374 magistrum
1447 1289 1481 1352 et
1495 1279 1638 1352 domum
1652 1279 1821 1370 eiusdem,
1838 1282 1928 1352 sicut

519 1402 661 1476 deberet
676 1423 874 1474 assecurare
890 1423 951 1497 pro
969 1411 1067 1497 parte
1084 1405 1215 1497 prelato
1229 1404 1346 1476 matris
1363 1425 1427 1476 sue
1442 1403 1630 1497 predictam
1646 1403 1835 1476 Beatrioem
1850 1403 1923 1497 pri·-

518 1528 728 1622 mogeuitam
750 1527 884 1599 comitis
902 1528 1100 1618 memorati,
1126 1527 1171 1602 de
1193 1531 1293 1621 cujus
1314 1527 1515 1602 venditione
1537 1527 1630 1602 dictu
1653 1527 1779 1600 domus
1804 1530 1926 1600 Sancte

519 1652 627 1724 llario
652 1651 743 1724 bona
765 1649 887 1724 cadem
912 1650 1130 1745 possidebat,
1156 1659 1191 1725 et
1220 1652 1396 1748 predictus
1420 1652 1605 1726 lacobiuus
1629 1652 1790 1724 convenit
1813 1651 1926 1724 eidem

521 1775 640 1850 domui
657 1775 835 1848 restituere
853 1775 948 1848 illam
963 1775 1129 1869 peccnuie
1146 1777 1372 1870 quantitatem
1386 1799 1492 1871 quum
1511 1798 1573 1872 pro
1587 1775 1790 1850 redimenda
1807 1775 1927 1848 eadem

520 1911 634 1996 parte,
657 1899 789 1972 dictum
807 1899 1011 1973 lacobiuum
1031 1901 1268 1994 contingente,
1292 1901 1428 1974 dudum
1446 1923 1508 1996 per
1525 1899 1702 1995 quondam
1722 1900 1928 1972 Guilelmum

521 2024 567 2098 de
586 2023 769 2118 Amigdula
791 2033 922 2118 putrem
945 2025 1021 2115 eius
1045 2025 1213 2118 obligate,
1241 2024 1468 2098 creditoribus
1495 2025 1568 2096 suis
1588 2025 1732 2098 exolvit.
1763 2023 1863 2098 Unde
1884 2021 1929 2094 ad

522 2149 738 2222 securitatem
749 2157 784 2220 et
794 2148 962 2220 cautelam
972 2147 1118 2242 predicti
1131 2148 1282 2242 magistri
1294 2159 1329 2220 et
1338 2149 1463 2222 domus
1476 2147 1599 2242 ipsius,
1611 2169 1752 2242 presens
1764 2148 1928 2242 scriptum

523 2271 598 2344 ficri
614 2272 830 2367 precepimus
846 2272 959 2364 sigillo
979 2281 1095 2343 nostro
1108 2281 1143 2346 et
1158 2273 1359 2366 subscriptis
1373 2273 1517 2344 testibus
1530 2273 1740 2346 roboratum.

573 2397 688 2468 Testes
711 2405 826 2468 autem
847 2395 909 2490 qui
935 2395 1162 2468 interfuerunt
1187 2405 1270 2468 suut
1299 2396 1348 2468 hii
1369 2421 1378 2466 ι
1399 2397 1441 2468 G.
1464 2396 1650 2470 Wemerus
1667 2395 1716 2492 (o)
1739 2395 1930 2492 patriarcha

523 2518 1405 2614 ierosolimitanus,lacobusAccoueusisepisropos‚
1416 2521 1578 2593 Baliauos
1591 2519 1927 2617 dominosSydonis,

522 2644 644 2718 Daniel
655 2645 700 2718 de
714 2644 1010 2733 Tenderemunde,
1027 2644 1198 2716 lohannes
1213 2645 1371 2735 Pisanus,
1391 2642 1563 2718 Goffridus
1578 2644 1624 2718 de
1638 2645 1802 2738 Williers,
1819 2644 1930 2717 Guido

524 2770 569 2845 dc
585 2769 710 2859 Nubie,
729 2768 836 2842 etalii
852 2769 1086 2864 quamplures.

572 2897 697 2968 Datum
719 2893 815 2988 apud
835 2893 998 2966 Sanctum
1022 2892 1201 2965 Miuietum
1224 2914 1286 2987 per
1309 2913 1433 2966 manus
1455 2891 1614 2988 Symouis
1636 2891 1845 2964 venerabilis
1866 2893 1930 2988 Ty·

521 3021 632 3094 tensis
648 3017 913 3112 archiepiscopi,
932 3018 1030 3112 regni
1054 3015 1315 3090 ierosolimitaui
1335 3017 1548 3106 cancellarii,
1575 3039 1666 3090 auno
1686 3015 1860 3090 dominice
1880 3018 1930 3087 iu·

522 3143 729 3218 carnationis
756 3141 938 3214 millesimo
962 3140 1199 3214 ducentesimo
1225 3141 1391 3214 vicesimo
1413 3151 1531 3231 sexto,
1557 3161 1674 3214 meuse
1694 3141 1931 3235 jolii,qua1te

523 3267 657 3342 decime
681 3265 896 3356 indictionis,
916 3265 1107 3358 imperante
1129 3264 1269 3338 domiuo
1290 3275 1406 3338 nostro
1422 3264 1600 3338 Frederico
1617 3266 1678 3338 Dei
1692 3266 1802 3358 gratia
1820 3267 1931 3339 inrio-

469 3385 471 3390 ’
523 3391 654 3462 tissimo
676 3391 905 3460 Romanorum
934 3389 1157 3484 imperatore,
1184 3411 1319 3484 semper
1348 3399 1512 3483 augusto,
1538 3390 1736 3464 lemsolime
1759 3400 1795 3462 et
1819 3389 1933 3461 Sicilie

524 3535 626 3606 rege,
647 3535 738 3585 anno
759 3513 894 3607 imperii
916 3513 992 3604 ejus
1008 3521 1158 3585 sextoet
1179 3513 1277 3604 regui
1294 3513 1557 3586 Jerosotimitani
1579 3513 1709 3608 primo,
1730 3513 1828 3608 regui
1852 3533 1932 3586 vcro

526 3635 641 3709 Sicilie
657 3635 821 3710 vicesimo
837 3657 941 3724 nouo,
963 3636 1118 3710 feliciter.
1136 3635 1259 3709 Amen.

1342 3992 1720 4002 auu-m

329 4303 392 4360 tra
405 4304 506 4415 osup
581 4281 811 4384 Fridericus,
841 4279 1100 4363 Romanorum
1131 4279 1350 4427 imperator,
1383 4275 1666 4358 universitatem
1701 4277 1750 4358 de
1781 4277 1933 4362 Massa-

529 4443 664 4530 grossa
689 4415 729 4498 iu
758 4440 829 4498 sua
850 4413 1002 4523 speciali
1020 4411 1250 4522 protectione
1267 4408 1420 4519 recipit,
1440 4409 1689 4520 bouesque
1656 4435 1739 4520 ejus
1765 4435 1934 4494 consuc-

568 4658 611 4738 (α)
633 4659 705 4720 stc·
697 4699 705 4715 .
721 4663 753 4718 ut
764 4671 819 4734 pro
830 4658 888 4718 isto
900 4655 1003 4716 sscdtio
1015 4655 1134 4716 uomina
1146 4653 1305 4734 tegendum
1316 4649 1496 4714 eamne.

611 4869 635 4917 l
