4466 5914
508 571 571 634 ono
1009 521 1224 636 rnrnnurcr
1249 573 1422 636 sncuuur
1735 573 1816 654 [aa.
1834 573 1924 639 raso.

510 708 594 781 inda
619 705 764 779 iulerinr
788 728 899 802 usque
923 708 970 781 ad
999 709 1128 803 loesam
1153 709 1294 783 Mattam
1323 709 1412 781 inter
1436 705 1646 780 Passienum
1670 717 1705 780 et
1732 707 1926 784 districtum

508 830 673 905 Bononia.
691 832 768 905 Eta
788 831 946 904 districtu
969 833 1131 906 Panziani
1147 833 1293 906 inferius
1312 854 1376 930 per
1394 831 1626 904 Caxarellosa
1648 853 1751 906 mane
1764 834 1925 908 roborum

509 956 555 1030 do
576 957 700 1046 Portis,
723 978 745 1029 a
762 977 838 1028 sero
853 955 966 1030 Garuli
981 979 1088 1053 prope
1101 957 1217 1052 ipsum
1234 957 1397 1030 Gazolum
1419 964 1454 1028 st
1475 955 1521 1028 ab
1550 953 1633 1028 inde
1648 955 1793 1030 iuferius
1813 979 1926 1053 usquc

506 1080 554 1154 ad
580 1079 816 1154 Casumarium
844 1103 866 1154 a
890 1103 993 1154 mane
1015 1083 1131 1156 Pontis
1154 1083 1260 1155 Ducis
1286 1103 1400 1178 usque
1429 1081 1476 1154 ad
1499 1079 1642 1176 podium
1669 1081 1797 1155 Pallale
1820 1093 1856 1156 et
1878 1083 1924 1156 ab

506 1205 581 1302 ipso
595 1205 700 1300 podio
713 1227 735 1278 a
748 1227 850 1280 mane
862 1207 953 1302 Zcpa
964 1208 1077 1280 Donni
1091 1207 1246 1280 Silvestri
1260 1227 1330 1302 quo
1353 1215 1407 1279 cst
1425 1205 1611 1280 desubtus
1631 1225 1652 1278 a
1669 1207 1793 1280 Sancta
1816 1207 1924 1282 Maria

506 1330 552 1403 do
572 1331 690 1420 Porto,
712 1329 949 1426 perveniendo
976 1353 997 1404 a
1025 1353 1127 1404 mane
1153 1331 1246 1404 dicta
1271 1332 1350 1404 ville
1378 1331 1501 1403 Sancta
1527 1329 1635 1403 Maris
1663 1351 1725 1426 per
1744 1331 1923 1426 Sparatam

504 1453 640 1526 abbatis
651 1453 845 1526 Nonantule
860 1476 972 1550 usqne
986 1455 1033 1528 ad
1048 1441 1228 1528 ecclesiam
1249 1455 1362 1528 Sancti
1385 1453 1527 1526 Antonii
1551 1453 1596 1526 de
1608 1453 1811 1546 Prschariis,
1826 1465 1861 1528 et
1877 1455 1928 1528 ab·

505 1577 581 1674 ipsa
609 1579 753 1651 ccclesia
784 1587 823 1650 ut
847 1581 954 1652 currit
979 1581 1102 1654 alveus
1128 1581 1263 1654 Pauarii
1297 1601 1411 1676 usque
1440 1579 1487 1654 ad
1511 1579 1687 1652 Caluinum
1712 1579 1922 1654 remanendo

504 1703 685 1776 ecclesiam
703 1703 748 1776 da
763 1704 857 1776 Folio
878 1705 914 1776 iu
934 1705 1090 1780 districtu
1108 1707 1241 1779 lllntinc
1259 1715 1294 1778 ct
1318 1705 1401 1778 inde
1422 1728 1442 1778 a
1466 1725 1568 1776 mane
1590 1725 1703 1798 usque
1723 1702 1770 1776 ad
1790 1705 1922 1778 clusam

504 1829 628 1902 factam
653 1828 688 1900 in
715 1829 860 1902 Panario
885 1853 908 1903 a
933 1853 1035 1904 mane
1062 1831 1137 1904 sive
1162 1854 1183 1905 a
1212 1853 1315 1904 manc
1348 1831 1458 1926 ipsius
1484 1830 1596 1920 cluse;
1624 1829 1716 1902 sicut
1738 1829 1851 1902 taliter
1876 1831 1922 1902 ab

503 1951 646 2046 antiquo
674 1972 737 2047 par
763 1953 973 2028 Mutinenses
1009 1952 1139 2028 detenti
1167 1963 1248 2027 sunt
1277 1961 1312 2027 ot
1341 1975 1404 2049 par
1433 1953 1566 2026 lllutine
1598 1953 1810 2026 comitatum.
1843 1955 1922 2050 lpsa

503 2075 606 2146 etiam
628 2077 704 2148 loca
724 2085 759 2148 et
783 2087 891 2150 terras
911 2079 979 2150 sub
1002 2078 1168 2175 imperiali
1189 2078 1400 2174 protectione
1419 2077 1642 2173 recipientes,
1661 2075 1786 2148 damus
1809 2077 1922 2150 liceu-

504 2198 588 2272 tiam
611 2201 786 2272 communi
802 2201 935 2274 Mutina
957 2203 1177 2296 ingrediendi
1195 2203 1445 2299 possessionem
1462 2201 1696 2297 predictarum
1713 2221 1829 2272 rernm
1848 2201 1922 2272 im-

504 2322 625 2418 periali
646 2324 860 2397 auctoritate.
876 2325 918 2397 llt
940 2325 1005 2399 hec
1028 2327 1145 2400 omnia
1170 2348 1218 2399 ax
1242 2335 1334 2400 certa
1358 2325 1500 2399 scicntia
1523 2325 1708 2398 statuimus
1734 2333 1770 2398 ct
1796 2326 1921 2399 decer·

504 2447 621 2520 nimus
639 2446 674 2518 in
698 2457 901 2544 perpetuum
921 2449 1116 2542 ohservari3
1136 2473 1183 2525 ex
1203 2461 1296 2524 certa
1311 2451 1454 2524 scientia
1468 2449 1674 2545 derogantes
1686 2451 1781 2522 omni
1795 2451 1863 2542 juri
1886 2460 1922 2524 et

504 2570 686 2666 privilegio
716 2572 855 2667 speciali
883 2575 938 2646 vel
968 2575 1119 2668 generali
1148 2575 1183 2646 in
1210 2575 1277 2648 hac
1305 2584 1403 2671 parte
1429 2574 1641 2648 adversanti.
1666 2575 1860 2647 Statuantas
1885 2584 1922 2648 et

501 2697 669 2791 presentis
686 2697 803 2792 scripti
824 2698 1026 2772 anctoritate
1045 2697 1188 2772 firmiter
1207 2700 1424 2794 injungentes
1443 2699 1594 2772 utnulla
1612 2698 1753 2770 omnino
1771 2719 1920 2793 persona

502 2822 698 2912 magnavel
711 2841 837 2916 parva,
862 2823 1025 2896 secularis
1046 2825 1102 2896 vel
1124 2825 1372 2916 ecclesiastica,
1388 2821 1574 2918 jamdictos
1585 2823 1796 2895 Mutinenses
1824 2823 1920 2895 cives

503 2945 622 3020 fideles
637 2955 771 3018 nostros
788 2945 834 3019 de
847 2947 1010 3042 predictis
1023 2948 1186 3021 omnibns
1199 2949 1316 3043 aliquo
1333 2947 1534 3021 advenienti
1563 2957 1716 3042 ternpore
1737 2946 1919 3019 temerario

501 3093 588 3146 ausu
603 3070 803 3166 parturbare
821 3091 885 3144 seu
903 3071 1084 3144 molestare
1102 3082 1288 3167 prasumat.
1305 3071 1408 3158 Quod
1429 3072 1460 3144 si
1480 3071 1701 3167 presumserit
1721 3071 1757 3142 in
1778 3091 1842 3143 sue
1864 3079 1917 3144 te-
1959 3125 1964 3134 .

500 3194 665 3268 maritatis
679 3192 869 3267 vindictam
883 3193 1156 3288 indignationem
1171 3205 1320 3268 nostram
1335 3207 1370 3270 et
1383 3217 1508 3292 ponam
1525 3195 1793 3290 quingentarum
1811 3195 1917 3268 libra·

500 3341 578 3392 rum
603 3317 680 3391 auri
703 3316 782 3412 puri
798 3337 837 3388 se
854 3319 988 3390 noverit
1004 3317 1242 3411 incursurum,
1259 3341 1408 3414 quarum
1425 3319 1594 3394 medietas
1619 3339 1753 3392 camere
1779 3314 1913 3410 nostre,

501 3443 634 3538 reliqua
658 3441 769 3536 passis
792 3439 953 3533 injuriam
979 3443 1204 3536 persolvatur.
1220 3441 1277 3516 Ad
1301 3444 1406 3536 hujus
1428 3453 1545 3516 autem
1570 3442 1621 3514 rei
1648 3441 1859 3515 evidentiam
1881 3451 1917 3514 et

500 3565 661 3638 stabilem
674 3564 711 3636 iu
728 3573 932 3660 perpetuum
949 3565 1165 3660 firmitatem,
1184 3589 1324 3664 presens
1339 3568 1507 3664 scriptum
1518 3565 1594 3640 lieri
1607 3575 1642 3639 et
1655 3567 1768 3661 sigillo
1784 3566 1917 3658 majes-

500 3689 581 3764 tatis
594 3697 708 3762 nostre
716 3688 885 3780 jussimus
902 3689 1122 3764 communiri.

547 3814 659 3906 Hujus
678 3833 762 3888 voro
779 3813 829 3886 rei
843 3823 947 3888 testes
967 3825 1049 3888 sunt
1064 3815 1226 3888 Albertus
1247 3813 1575 3910 lllagdeburgcueis,
1590 3815 1633 3886 Η.
1648 3811 1916 3886 Mediolanensis

498 3948 533 4012 et
553 3939 590 4012 L.
607 3937 784 4033 Rheginos
802 3938 1067 4035 archiepiscopi,
1091 3939 1266 4014 Curieusis
1290 3948 1326 4012 et
1348 3939 1457 4012 abbas
1476 3937 1591 4010 Sancti
1615 3935 1720 4028 Galli,
1744 3936 1911 4028 Ciccnsis,

497 4063 716 4155 Basilicnsis,
731 4063 1010 4154 Wurmalicusis,
1029 4063 1066 4136 C.
1083 4064 1356 4154 Yldcsemensis‚
1375 4064 1406 4135 J.
1422 4061 1660 4154 Taurinemis‚
1676 4061 1868 4136 Brixisnsis
1879 4069 1914 4134 et

498 4189 677 4262 lmolcnsis
701 4187 872 4284 episcopi,
897 4191 935 4260 L.
957 4189 1172 4282 lantgravius
1193 4188 1398 4282 Thuringie,
1419 4187 1495 4262 dux
1519 4187 1687 4276 Saxonis,
1714 4185 1914 4282 Raynaldus

501 4313 577 4386 dux
590 4313 741 4409 Spoleti,
757 4333 873 4386 comes
884 4314 920 4385 S.
938 4311 988 4410 (a)
1004 4312 1048 4387 de
1060 4315 1193 4387 Vienna
1210 4324 1245 4386 ct
1260 4312 1318 4386 alii
1332 4314 1568 4409 quamplures.

549 4439 675 4512 Datum
705 4436 801 4533 apud
832 4438 984 4532 burgum
1010 4439 1125 4512 Sancti
1149 4437 1317 4530 nonnini,
1345 4459 1436 4511 anno
1466 4435 1639 4510 dominice
1667 4433 1913 4508 incarnationis

540 4597 582 4680 (u)
604 4599 640 4660 ln
657 4599 799 4676 impresso
819 4596 868 4672 G„
887 4601 973 4660 male.
988 4599 1070 4660 luter
1090 4601 1210 4660 nomlna
1224 4599 1343 4660 testium
1363 4597 1541 4660 Waoricrrrr'r
1559 4604 1589 4658 ct
1612 4593 1779 4658 l'ldcacnrir
1792 4609 1913 4676 quoqne

500 4708 692 4770 correximus.
