<?xml version="1.0" encoding="UTF-8"?>
<!DOCTYPE html PUBLIC "-//W3C//DTD XHTML 1.0 Transitional//EN"
    "http://www.w3.org/TR/xhtml1/DTD/xhtml1-transitional.dtd">
<html xmlns="http://www.w3.org/1999/xhtml" xml:lang="en" lang="en">
 <head>
  <title>
</title>
<meta http-equiv="Content-Type" content="text/html;charset=utf-8" />
  <meta name='ocr-system' content='tesseract 3.04.00' />
  <meta name='ocr-capabilities' content='ocr_page ocr_carea ocr_par ocr_line ocrx_word'/>
</head>
<body>
  <div class='ocr_page' id='page_1' title='image "./historiadiploma04fredgoog_0195.png"; bbox 0 0 4326 5910; ppageno 0'>
   <div class='ocr_carea' id='block_1_1' title="bbox 559 571 1964 675">
    <p class='ocr_par' dir='ltr' id='par_1_1' title="bbox 559 571 1964 675">
     <span class='ocr_line' id='line_1_1' title="bbox 559 571 1964 675; baseline 0.016 -42"><span class='ocrx_word' id='word_1_1' title='bbox 559 571 621 634; x_wconf 79' lang='lat' dir='ltr'>&#39;tat</span> <span class='ocrx_word' id='word_1_2' title='bbox 1089 583 1261 647; x_wconf 76' lang='lat' dir='ltr'>llblllthl</span> <span class='ocrx_word' id='word_1_3' title='bbox 1286 585 1456 648; x_wconf 76' lang='lat' dir='ltr'>snrntttt</span> <span class='ocrx_word' id='word_1_4' title='bbox 1786 589 1865 675; x_wconf 69' lang='lat' dir='ltr'>[Aac</span> <span class='ocrx_word' id='word_1_5' title='bbox 1883 593 1964 656; x_wconf 72' lang='lat' dir='ltr'>tm</span> 
     </span>
    </p>
   </div>
   <div class='ocr_carea' id='block_1_2' title="bbox 556 709 1965 930">
    <p class='ocr_par' dir='ltr' id='par_1_2' title="bbox 556 709 1965 930">
     <span class='ocr_line' id='line_1_2' title="bbox 557 709 1965 824; baseline 0.015 -43"><span class='ocrx_word' id='word_1_6' title='bbox 557 709 692 784; x_wconf 79' lang='lat' dir='ltr'>novera</span> <span class='ocrx_word' id='word_1_7' title='bbox 708 709 770 806; x_wconf 86' lang='lat' dir='ltr'>qui</span> <span class='ocrx_word' id='word_1_8' title='bbox 788 713 938 786; x_wconf 90' lang='lat' dir='ltr'>cumeis</span> <span class='ocrx_word' id='word_1_9' title='bbox 956 713 1048 790; x_wconf 91' lang='lat' dir='ltr'>sitin</span> <span class='ocrx_word' id='word_1_10' title='bbox 1062 718 1139 815; x_wconf 88' lang='lat' dir='ltr'>ipsa</span> <span class='ocrx_word' id='word_1_11' title='bbox 1153 743 1256 816; x_wconf 86' lang='lat' dir='ltr'>nave,</span> <span class='ocrx_word' id='word_1_12' title='bbox 1275 722 1386 797; x_wconf 90' lang='lat' dir='ltr'>donec</span> <span class='ocrx_word' id='word_1_13' title='bbox 1397 723 1445 798; x_wconf 80' lang='lat' dir='ltr'>cd</span> <span class='ocrx_word' id='word_1_14' title='bbox 1457 723 1594 798; x_wconf 76' lang='lat' dir='ltr'>salvum</span> <span class='ocrx_word' id='word_1_15' title='bbox 1608 732 1818 800; x_wconf 68' lang='lat' dir='ltr'>messurum</span> <span class='ocrx_word' id='word_1_16' title='bbox 1833 739 1965 824; x_wconf 88' lang='lat' dir='ltr'>portum</span> 
     </span>
     <span class='ocr_line' id='line_1_3' title="bbox 556 835 788 930; baseline 0.013 -25"><span class='ocrx_word' id='word_1_17' title='bbox 556 835 788 930; x_wconf 77' lang='lat' dir='ltr'><strong>pervenerint.</strong></span> 
     </span>
    </p>
   </div>
   <div class='ocr_carea' id='block_1_3' title="bbox 606 960 910 1058">
    <p class='ocr_par' dir='ltr' id='par_1_3' title="bbox 606 960 910 1058">
     <span class='ocr_line' id='line_1_4' title="bbox 606 960 910 1058; baseline 0.013 -26"><span class='ocrx_word' id='word_1_18' title='bbox 606 960 717 1055; x_wconf 82' lang='lat' dir='ltr'>Teste,</span> <span class='ocrx_word' id='word_1_19' title='bbox 739 969 910 1058; x_wconf 86' lang='lat' dir='ltr'>utsupra.</span> 
     </span>
    </p>
   </div>
   <div class='ocr_carea' id='block_1_4' title="bbox 1137 1141 1381 1154">
    <p class='ocr_par' dir='ltr' id='par_1_4' title="bbox 1137 1141 1381 1154">
     <span class='ocr_line' id='line_1_5' title="bbox 1137 1141 1381 1154; baseline -0.004 -2"><span class='ocrx_word' id='word_1_20' title='bbox 1137 1141 1381 1154; x_wconf 51' lang='lat' dir='ltr'>——o—-ffl</span> 
     </span>
    </p>
   </div>
   <div class='ocr_carea' id='block_1_5' title="bbox 874 1397 1581 1509">
    <p class='ocr_par' dir='ltr' id='par_1_5' title="bbox 874 1397 1581 1509">
     <span class='ocr_line' id='line_1_6' title="bbox 874 1397 1581 1509; baseline 0.016 -50"><span class='ocrx_word' id='word_1_21' title='bbox 874 1477 887 1509; x_wconf 61' lang='lat' dir='ltr'>x</span> <span class='ocrx_word' id='word_1_22' title='bbox 945 1397 1056 1460; x_wconf 74' lang='lat' dir='ltr'>tono</span> <span class='ocrx_word' id='word_1_23' title='bbox 1083 1399 1240 1464; x_wconf 68' lang='lat'>1224-</span> <span class='ocrx_word' id='word_1_24' title='bbox 1259 1401 1502 1466; x_wconf 76' lang='lat' dir='ltr'>llllth&#39;l&#39;lONE</span> <span class='ocrx_word' id='word_1_25' title='bbox 1528 1405 1581 1470; x_wconf 78' lang='lat'>12</span> 
     </span>
    </p>
   </div>
   <div class='ocr_carea' id='block_1_6' title="bbox 1048 1719 1478 1752">
    <p class='ocr_par' dir='ltr' id='par_1_6' title="bbox 1048 1719 1478 1752">
     <span class='ocr_line' id='line_1_7' title="bbox 1048 1719 1478 1752; baseline 0.007 -5"><span class='ocrx_word' id='word_1_26' title='bbox 1048 1719 1458 1752; x_wconf 35' lang='lat' dir='ltr'>...m-w...</span> <span class='ocrx_word' id='word_1_27' title='bbox 1469 1734 1478 1740; x_wconf 96' lang='lat'>-</span> 
     </span>
    </p>
   </div>
   <div class='ocr_carea' id='block_1_7' title="bbox 464 2027 1965 2682">
    <p class='ocr_par' dir='ltr' id='par_1_7' title="bbox 464 2027 1965 2682">
     <span class='ocr_line' id='line_1_8' title="bbox 464 2027 1965 2149; baseline 0.001 -38"><span class='ocrx_word' id='word_1_28' title='bbox 464 2115 500 2149; x_wconf 59' lang='lat' dir='ltr'>m</span> <span class='ocrx_word' id='word_1_29' title='bbox 604 2027 809 2140; x_wconf 89' lang='lat' dir='ltr'>llenricus,</span> <span class='ocrx_word' id='word_1_30' title='bbox 828 2031 1089 2118; x_wconf 87' lang='lat' dir='ltr'>Romanorum</span> <span class='ocrx_word' id='word_1_31' title='bbox 1106 2059 1193 2140; x_wconf 87' lang='lat' dir='ltr'>rex,</span> <span class='ocrx_word' id='word_1_32' title='bbox 1213 2032 1487 2118; x_wconf 89' lang='lat' dir='ltr'>monasterium</span> <span class='ocrx_word' id='word_1_33' title='bbox 1515 2031 1675 2115; x_wconf 80' lang='lat' dir='ltr'><strong>Sanctae</strong></span> <span class='ocrx_word' id='word_1_34' title='bbox 1696 2031 1836 2116; x_wconf 86' lang='lat' dir='ltr'>Mariae</span> <span class='ocrx_word' id='word_1_35' title='bbox 1857 2029 1965 2142; x_wconf 83' lang='lat' dir='ltr'>juxta</span> 
     </span>
     <span class='ocr_line' id='line_1_9' title="bbox 506 2137 1965 2280; baseline 0 -34"><span class='ocrx_word' id='word_1_36' title='bbox 506 2137 513 2160; x_wconf 64' lang='lat'><strong><em>⁹</em></strong></span> <span class='ocrx_word' id='word_1_37' title='bbox 550 2189 683 2248; x_wconf 89' lang='lat' dir='ltr'>muros</span> <span class='ocrx_word' id='word_1_38' title='bbox 708 2165 920 2275; x_wconf 84' lang='lat' dir='ltr'>Bopanliae</span> <span class='ocrx_word' id='word_1_39' title='bbox 940 2167 982 2249; x_wconf 93' lang='lat' dir='ltr'>in</span> <span class='ocrx_word' id='word_1_40' title='bbox 1009 2169 1210 2279; x_wconf 80' lang='lat' dir='ltr'>specialem</span> <span class='ocrx_word' id='word_1_41' title='bbox 1242 2169 1514 2280; x_wconf 89' lang='lat' dir='ltr'>protectionem</span> <span class='ocrx_word' id='word_1_42' title='bbox 1542 2193 1653 2251; x_wconf 89' lang='lat' dir='ltr'>suam</span> <span class='ocrx_word' id='word_1_43' title='bbox 1677 2165 1826 2276; x_wconf 81' lang='lat' dir='ltr'>recipit,</span> <span class='ocrx_word' id='word_1_44' title='bbox 1856 2165 1965 2275; x_wconf 86' lang='lat' dir='ltr'>eique</span> 
     </span>
     <span class='ocr_line' id='line_1_10' title="bbox 550 2297 1963 2412; baseline 0 -33"><span class='ocrx_word' id='word_1_45' title='bbox 550 2297 681 2380; x_wconf 91' lang='lat' dir='ltr'>omnia</span> <span class='ocrx_word' id='word_1_46' title='bbox 697 2297 800 2384; x_wconf 88' lang='lat' dir='ltr'>bona</span> <span class='ocrx_word' id='word_1_47' title='bbox 816 2299 1036 2408; x_wconf 85' lang='lat' dir='ltr'>confirmat,</span> <span class='ocrx_word' id='word_1_48' title='bbox 1048 2300 1189 2412; x_wconf 86' lang='lat' dir='ltr'>jubens</span> <span class='ocrx_word' id='word_1_49' title='bbox 1204 2311 1248 2385; x_wconf 90' lang='lat' dir='ltr'>ut</span> <span class='ocrx_word' id='word_1_50' title='bbox 1266 2301 1315 2385; x_wconf 92' lang='lat' dir='ltr'>ab</span> <span class='ocrx_word' id='word_1_51' title='bbox 1328 2329 1442 2386; x_wconf 89' lang='lat' dir='ltr'>onere</span> <span class='ocrx_word' id='word_1_52' title='bbox 1454 2311 1492 2386; x_wconf 90' lang='lat' dir='ltr'>et</span> <span class='ocrx_word' id='word_1_53' title='bbox 1505 2302 1655 2386; x_wconf 85' lang='lat' dir='ltr'>servitio</span> <span class='ocrx_word' id='word_1_54' title='bbox 1672 2298 1844 2411; x_wconf 91' lang='lat' dir='ltr'>quolibet</span> <span class='ocrx_word' id='word_1_55' title='bbox 1859 2297 1963 2380; x_wconf 91' lang='lat' dir='ltr'>libe-</span> 
     </span>
     <span class='ocr_line' id='line_1_11' title="bbox 549 2433 1962 2546; baseline 0.001 -32"><span class='ocrx_word' id='word_1_56' title='bbox 549 2453 637 2514; x_wconf 87' lang='lat' dir='ltr'>rum</span> <span class='ocrx_word' id='word_1_57' title='bbox 655 2443 899 2540; x_wconf 91' lang='lat' dir='ltr'>permaneat,</span> <span class='ocrx_word' id='word_1_58' title='bbox 918 2433 1171 2546; x_wconf 85' lang='lat' dir='ltr'>inhibensque</span> <span class='ocrx_word' id='word_1_59' title='bbox 1184 2463 1233 2520; x_wconf 91' lang='lat' dir='ltr'>ne</span> <span class='ocrx_word' id='word_1_60' title='bbox 1247 2435 1406 2520; x_wconf 92' lang='lat' dir='ltr'>omnino</span> <span class='ocrx_word' id='word_1_61' title='bbox 1421 2434 1650 2518; x_wconf 84' lang='lat' dir='ltr'>elemosinae</span> <span class='ocrx_word' id='word_1_62' title='bbox 1672 2433 1722 2516; x_wconf 88' lang='lat' dir='ltr'>ab</span> <span class='ocrx_word' id='word_1_63' title='bbox 1739 2443 1962 2516; x_wconf 85' lang='lat' dir='ltr'>antecesso-</span> 
     </span>
     <span class='ocr_line' id='line_1_12' title="bbox 549 2563 1849 2682; baseline 0.002 -36"><span class='ocrx_word' id='word_1_64' title='bbox 549 2563 655 2649; x_wconf 85' lang='lat' dir='ltr'>ribus</span> <span class='ocrx_word' id='word_1_65' title='bbox 674 2565 754 2650; x_wconf 90' lang='lat' dir='ltr'>suis</span> <span class='ocrx_word' id='word_1_66' title='bbox 775 2567 958 2678; x_wconf 88' lang='lat' dir='ltr'>collatae,</span> <span class='ocrx_word' id='word_1_67' title='bbox 983 2595 1082 2682; x_wconf 87' lang='lat' dir='ltr'>quas</span> <span class='ocrx_word' id='word_1_68' title='bbox 1098 2580 1291 2678; x_wconf 85' lang='lat' dir='ltr'>recenset,</span> <span class='ocrx_word' id='word_1_69' title='bbox 1311 2570 1351 2652; x_wconf 90' lang='lat' dir='ltr'>in</span> <span class='ocrx_word' id='word_1_70' title='bbox 1369 2595 1464 2654; x_wconf 86' lang='lat' dir='ltr'>usus</span> <span class='ocrx_word' id='word_1_71' title='bbox 1481 2579 1630 2653; x_wconf 87' lang='lat' dir='ltr'>vertant</span> <span class='ocrx_word' id='word_1_72' title='bbox 1649 2568 1849 2652; x_wconf 85' lang='lat' dir='ltr'>laicorum.</span> 
     </span>
    </p>
   </div>
   <div class='ocr_carea' id='block_1_8' title="bbox 628 2781 1964 2976">
    <p class='ocr_par' dir='ltr' id='par_1_8' title="bbox 628 2781 1964 2976">
     <span class='ocr_line' id='line_1_13' title="bbox 628 2781 1964 2867; baseline -0.013 -4"><span class='ocrx_word' id='word_1_73' title='bbox 628 2781 747 2862; x_wconf 71' lang='lat' dir='ltr'>traua</span> <span class='ocrx_word' id='word_1_74' title='bbox 759 2782 920 2859; x_wconf 73' lang='lat' dir='ltr'>amm,</span> <span class='ocrx_word' id='word_1_75' title='bbox 937 2782 1005 2848; x_wconf 72' lang='lat' dir='ltr'>coo</span> <span class='ocrx_word' id='word_1_76' title='bbox 1016 2781 1427 2867; x_wconf 55' lang='lat' dir='ltr'>mouumentum,</span> <span class='ocrx_word' id='word_1_77' title='bbox 1441 2792 1466 2852; x_wconf 88' lang='lat' dir='ltr'>t.</span> <span class='ocrx_word' id='word_1_78' title='bbox 1477 2785 1523 2864; x_wconf 87' lang='lat' dir='ltr'>n,</span> <span class='ocrx_word' id='word_1_79' title='bbox 1538 2803 1571 2866; x_wconf 70' lang='lat' dir='ltr'>u.</span> <span class='ocrx_word' id='word_1_80' title='bbox 1585 2795 1728 2862; x_wconf 71' lang='lat' dir='ltr'>atr-rso,</span> <span class='ocrx_word' id='word_1_81' title='bbox 1742 2785 1795 2849; x_wconf 76' lang='lat' dir='ltr'>aar</span> <span class='ocrx_word' id='word_1_82' title='bbox 1807 2785 1841 2848; x_wconf 83' lang='lat' dir='ltr'>n</span> <span class='ocrx_word' id='word_1_83' title='bbox 1853 2784 1964 2848; x_wconf 76' lang='lat' dir='ltr'>mun</span> 
     </span>
     <span class='ocr_line' id='line_1_14' title="bbox 667 2891 1266 2976; baseline 0.007 -23"><span class='ocrx_word' id='word_1_84' title='bbox 667 2891 707 2952; x_wconf 81' lang='lat' dir='ltr'>od</span> <span class='ocrx_word' id='word_1_85' title='bbox 719 2891 830 2955; x_wconf 82' lang='lat' dir='ltr'>calcem</span> <span class='ocrx_word' id='word_1_86' title='bbox 841 2902 875 2954; x_wconf 82' lang='lat' dir='ltr'>n⁰</span> <span class='ocrx_word' id='word_1_87' title='bbox 889 2901 906 2956; x_wconf 79' lang='lat' dir='ltr'>t</span> <span class='ocrx_word' id='word_1_88' title='bbox 921 2894 1053 2974; x_wconf 78' lang='lat' dir='ltr'>stgtllnm</span> <span class='ocrx_word' id='word_1_89' title='bbox 1065 2891 1266 2976; x_wconf 82' lang='lat' dir='ltr'>descrlbttnr.)</span> 
     </span>
    </p>
   </div>
   <div class='ocr_carea' id='block_1_9' title="bbox 537 3080 1960 4804">
    <p class='ocr_par' dir='ltr' id='par_1_9' title="bbox 537 3080 1960 4804">
     <span class='ocr_line' id='line_1_15' title="bbox 594 3080 1960 3178; baseline 0.001 -28"><span class='ocrx_word' id='word_1_90' title='bbox 594 3081 632 3152; x_wconf 93' lang='lat' dir='ltr'>ln</span> <span class='ocrx_word' id='word_1_91' title='bbox 651 3081 790 3154; x_wconf 91' lang='lat' dir='ltr'>nomine</span> <span class='ocrx_word' id='word_1_92' title='bbox 805 3091 922 3156; x_wconf 87' lang='lat' dir='ltr'>sancte</span> <span class='ocrx_word' id='word_1_93' title='bbox 942 3092 977 3156; x_wconf 91' lang='lat' dir='ltr'>et</span> <span class='ocrx_word' id='word_1_94' title='bbox 995 3081 1179 3158; x_wconf 87' lang='lat' dir='ltr'>individue</span> <span class='ocrx_word' id='word_1_95' title='bbox 1195 3081 1383 3158; x_wconf 77' lang='lat' dir='ltr'>Trinitatis.</span> <span class='ocrx_word' id='word_1_96' title='bbox 1402 3083 1572 3157; x_wconf 85' lang='lat' dir='ltr'>Henricns</span> <span class='ocrx_word' id='word_1_97' title='bbox 1587 3082 1648 3156; x_wconf 91' lang='lat' dir='ltr'>Dei</span> <span class='ocrx_word' id='word_1_98' title='bbox 1665 3081 1776 3178; x_wconf 80' lang='lat' dir='ltr'>gratia</span> <span class='ocrx_word' id='word_1_99' title='bbox 1793 3080 1960 3177; x_wconf 85' lang='lat' dir='ltr'>septimus</span> 
     </span>
     <span class='ocr_line' id='line_1_16' title="bbox 546 3204 1959 3304; baseline -0.001 -24"><span class='ocrx_word' id='word_1_100' title='bbox 546 3207 777 3280; x_wconf 84' lang='lat' dir='ltr'>Romanorum</span> <span class='ocrx_word' id='word_1_101' title='bbox 797 3228 861 3278; x_wconf 85' lang='lat' dir='ltr'>rex</span> <span class='ocrx_word' id='word_1_102' title='bbox 884 3215 919 3279; x_wconf 92' lang='lat' dir='ltr'>et</span> <span class='ocrx_word' id='word_1_103' title='bbox 941 3228 1077 3303; x_wconf 88' lang='lat' dir='ltr'>semper</span> <span class='ocrx_word' id='word_1_104' title='bbox 1103 3217 1286 3304; x_wconf 80' lang='lat' dir='ltr'>augustus.</span> <span class='ocrx_word' id='word_1_105' title='bbox 1307 3209 1486 3304; x_wconf 77' lang='lat' dir='ltr'>Sapienter</span> <span class='ocrx_word' id='word_1_106' title='bbox 1510 3209 1653 3281; x_wconf 87' lang='lat' dir='ltr'>collocat</span> <span class='ocrx_word' id='word_1_107' title='bbox 1673 3204 1881 3280; x_wconf 87' lang='lat' dir='ltr'>beneficium</span> <span class='ocrx_word' id='word_1_108' title='bbox 1898 3205 1959 3300; x_wconf 85' lang='lat' dir='ltr'>qni</span> 
     </span>
     <span class='ocr_line' id='line_1_17' title="bbox 546 3323 1959 3427; baseline -0.001 -23"><span class='ocrx_word' id='word_1_109' title='bbox 546 3351 610 3427; x_wconf 88' lang='lat' dir='ltr'>pro</span> <span class='ocrx_word' id='word_1_110' title='bbox 625 3328 818 3402; x_wconf 84' lang='lat' dir='ltr'>transitorio</span> <span class='ocrx_word' id='word_1_111' title='bbox 836 3343 1048 3426; x_wconf 89' lang='lat' dir='ltr'>promeretur</span> <span class='ocrx_word' id='word_1_112' title='bbox 1065 3342 1234 3405; x_wconf 86' lang='lat' dir='ltr'>eternum.</span> <span class='ocrx_word' id='word_1_113' title='bbox 1255 3323 1328 3406; x_wconf 84' lang='lat' dir='ltr'>lioc</span> <span class='ocrx_word' id='word_1_114' title='bbox 1342 3355 1364 3407; x_wconf 90' lang='lat' dir='ltr'>a</span> <span class='ocrx_word' id='word_1_115' title='bbox 1380 3333 1482 3406; x_wconf 90' lang='lat' dir='ltr'>nobis</span> <span class='ocrx_word' id='word_1_116' title='bbox 1499 3331 1574 3406; x_wconf 86' lang='lat' dir='ltr'>lieri</span> <span class='ocrx_word' id='word_1_117' title='bbox 1590 3341 1673 3403; x_wconf 89' lang='lat' dir='ltr'>tunc</span> <span class='ocrx_word' id='word_1_118' title='bbox 1687 3329 1863 3404; x_wconf 88' lang='lat' dir='ltr'>credimus</span> <span class='ocrx_word' id='word_1_119' title='bbox 1879 3351 1959 3403; x_wconf 89' lang='lat' dir='ltr'>cum</span> 
     </span>
     <span class='ocr_line' id='line_1_18' title="bbox 545 3453 1960 3552; baseline 0.001 -26"><span class='ocrx_word' id='word_1_120' title='bbox 545 3453 715 3549; x_wconf 80' lang='lat' dir='ltr'>religiosis</span> <span class='ocrx_word' id='word_1_121' title='bbox 733 3475 835 3548; x_wconf 91' lang='lat' dir='ltr'>opem</span> <span class='ocrx_word' id='word_1_122' title='bbox 849 3475 928 3526; x_wconf 92' lang='lat' dir='ltr'>cum</span> <span class='ocrx_word' id='word_1_123' title='bbox 943 3455 978 3526; x_wconf 91' lang='lat' dir='ltr'>in</span> <span class='ocrx_word' id='word_1_124' title='bbox 995 3477 1081 3550; x_wconf 87' lang='lat' dir='ltr'>pace</span> <span class='ocrx_word' id='word_1_125' title='bbox 1100 3467 1136 3528; x_wconf 89' lang='lat' dir='ltr'>et</span> <span class='ocrx_word' id='word_1_126' title='bbox 1154 3457 1398 3552; x_wconf 84' lang='lat' dir='ltr'>tranquillitate</span> <span class='ocrx_word' id='word_1_127' title='bbox 1413 3459 1486 3530; x_wconf 91' lang='lat' dir='ltr'>Deo</span> <span class='ocrx_word' id='word_1_128' title='bbox 1501 3457 1710 3530; x_wconf 78' lang='lat' dir='ltr'>famulentur</span> <span class='ocrx_word' id='word_1_129' title='bbox 1726 3455 1960 3550; x_wconf 89' lang='lat' dir='ltr'>impendimus</span> 
     </span>
     <span class='ocr_line' id='line_1_19' title="bbox 546 3576 1960 3678; baseline 0.003 -27"><span class='ocrx_word' id='word_1_130' title='bbox 546 3587 581 3651; x_wconf 93' lang='lat' dir='ltr'>et</span> <span class='ocrx_word' id='word_1_131' title='bbox 596 3576 736 3651; x_wconf 89' lang='lat' dir='ltr'>eosdem</span> <span class='ocrx_word' id='word_1_132' title='bbox 753 3577 820 3650; x_wconf 88' lang='lat' dir='ltr'>sub</span> <span class='ocrx_word' id='word_1_133' title='bbox 836 3580 1054 3675; x_wconf 86' lang='lat' dir='ltr'>protectionis</span> <span class='ocrx_word' id='word_1_134' title='bbox 1075 3593 1189 3654; x_wconf 90' lang='lat' dir='ltr'>nostre</span> <span class='ocrx_word' id='word_1_135' title='bbox 1206 3581 1398 3656; x_wconf 89' lang='lat' dir='ltr'>munimine</span> <span class='ocrx_word' id='word_1_136' title='bbox 1415 3583 1652 3674; x_wconf 82' lang='lat' dir='ltr'>confovemus,</span> <span class='ocrx_word' id='word_1_137' title='bbox 1673 3589 1845 3676; x_wconf 87' lang='lat' dir='ltr'>quatenns</span> <span class='ocrx_word' id='word_1_138' title='bbox 1863 3581 1960 3678; x_wconf 89' lang='lat' dir='ltr'>apud</span> 
     </span>
     <span class='ocr_line' id='line_1_20' title="bbox 544 3703 1958 3803; baseline 0.002 -29"><span class='ocrx_word' id='word_1_139' title='bbox 544 3725 662 3796; x_wconf 82' lang='lat' dir='ltr'>regem</span> <span class='ocrx_word' id='word_1_140' title='bbox 679 3725 800 3797; x_wconf 78' lang='lat' dir='ltr'>regum</span> <span class='ocrx_word' id='word_1_141' title='bbox 815 3703 914 3776; x_wconf 88' lang='lat' dir='ltr'>nobis</span> <span class='ocrx_word' id='word_1_142' title='bbox 930 3706 1118 3780; x_wconf 87' lang='lat' dir='ltr'>advocatos</span> <span class='ocrx_word' id='word_1_143' title='bbox 1134 3716 1170 3780; x_wconf 91' lang='lat' dir='ltr'>et</span> <span class='ocrx_word' id='word_1_144' title='bbox 1184 3717 1345 3803; x_wconf 92' lang='lat' dir='ltr'>patronos</span> <span class='ocrx_word' id='word_1_145' title='bbox 1361 3706 1517 3780; x_wconf 90' lang='lat' dir='ltr'>invenire</span> <span class='ocrx_word' id='word_1_146' title='bbox 1530 3705 1565 3778; x_wconf 94' lang='lat' dir='ltr'>in</span> <span class='ocrx_word' id='word_1_147' title='bbox 1578 3715 1733 3781; x_wconf 81' lang='lat' dir='ltr'>extrema</span> <span class='ocrx_word' id='word_1_148' title='bbox 1747 3706 1890 3802; x_wconf 87' lang='lat' dir='ltr'>superni</span> <span class='ocrx_word' id='word_1_149' title='bbox 1901 3707 1958 3799; x_wconf 86' lang='lat' dir='ltr'>ju·</span> 
     </span>
     <span class='ocr_line' id='line_1_21' title="bbox 547 3827 1959 3926; baseline 0.001 -25"><span class='ocrx_word' id='word_1_150' title='bbox 547 3827 636 3901; x_wconf 88' lang='lat' dir='ltr'>dicis</span> <span class='ocrx_word' id='word_1_151' title='bbox 661 3829 867 3902; x_wconf 88' lang='lat' dir='ltr'>allocutione</span> <span class='ocrx_word' id='word_1_152' title='bbox 892 3831 1076 3925; x_wconf 88' lang='lat' dir='ltr'>possimus.</span> <span class='ocrx_word' id='word_1_153' title='bbox 1097 3831 1183 3904; x_wconf 89' lang='lat' dir='ltr'>ludo</span> <span class='ocrx_word' id='word_1_154' title='bbox 1202 3831 1367 3926; x_wconf 90' lang='lat' dir='ltr'>estquod</span> <span class='ocrx_word' id='word_1_155' title='bbox 1389 3831 1577 3904; x_wconf 89' lang='lat' dir='ltr'>claustrum</span> <span class='ocrx_word' id='word_1_156' title='bbox 1594 3834 1716 3904; x_wconf 88' lang='lat' dir='ltr'>Sancte</span> <span class='ocrx_word' id='word_1_157' title='bbox 1734 3829 1843 3904; x_wconf 87' lang='lat' dir='ltr'>llario</span> <span class='ocrx_word' id='word_1_158' title='bbox 1855 3831 1959 3922; x_wconf 82' lang='lat' dir='ltr'>juxta</span> 
     </span>
     <span class='ocr_line' id='line_1_22' title="bbox 544 3953 1958 4054; baseline 0.001 -29"><span class='ocrx_word' id='word_1_159' title='bbox 544 3974 661 4025; x_wconf 92' lang='lat' dir='ltr'>muros</span> <span class='ocrx_word' id='word_1_160' title='bbox 677 3953 848 4048; x_wconf 84' lang='lat' dir='ltr'>ltopardie</span> <span class='ocrx_word' id='word_1_161' title='bbox 861 3953 957 4048; x_wconf 92' lang='lat' dir='ltr'>qaod</span> <span class='ocrx_word' id='word_1_162' title='bbox 971 3965 1204 4030; x_wconf 88' lang='lat' dir='ltr'>constructum</span> <span class='ocrx_word' id='word_1_163' title='bbox 1217 3967 1270 4030; x_wconf 86' lang='lat' dir='ltr'>est</span> <span class='ocrx_word' id='word_1_164' title='bbox 1283 3980 1306 4031; x_wconf 87' lang='lat' dir='ltr'>a</span> <span class='ocrx_word' id='word_1_165' title='bbox 1321 3955 1598 4054; x_wconf 81' lang='lat' dir='ltr'>pmgenitoribus</span> <span class='ocrx_word' id='word_1_166' title='bbox 1609 3965 1644 4028; x_wconf 90' lang='lat' dir='ltr'>et</span> <span class='ocrx_word' id='word_1_167' title='bbox 1657 3954 1958 4051; x_wconf 84' lang='lat' dir='ltr'>predecessoribus</span> 
     </span>
     <span class='ocr_line' id='line_1_23' title="bbox 543 4079 1957 4179; baseline 0 -27"><span class='ocrx_word' id='word_1_168' title='bbox 543 4079 668 4154; x_wconf 89' lang='lat' dir='ltr'>nostris</span> <span class='ocrx_word' id='word_1_169' title='bbox 689 4088 724 4152; x_wconf 91' lang='lat' dir='ltr'>et</span> <span class='ocrx_word' id='word_1_170' title='bbox 741 4079 910 4176; x_wconf 88' lang='lat' dir='ltr'>quicquid</span> <span class='ocrx_word' id='word_1_171' title='bbox 931 4079 978 4154; x_wconf 92' lang='lat' dir='ltr'>ad</span> <span class='ocrx_word' id='word_1_172' title='bbox 996 4081 1086 4156; x_wconf 86' lang='lat' dir='ltr'>illud</span> <span class='ocrx_word' id='word_1_173' title='bbox 1102 4083 1248 4178; x_wconf 83' lang='lat' dir='ltr'>pertinet·</span> <span class='ocrx_word' id='word_1_174' title='bbox 1262 4082 1298 4155; x_wconf 92' lang='lat' dir='ltr'>in</span> <span class='ocrx_word' id='word_1_175' title='bbox 1318 4083 1613 4179; x_wconf 87' lang='lat' dir='ltr'>possessionibus,</span> <span class='ocrx_word' id='word_1_176' title='bbox 1632 4081 1737 4154; x_wconf 88' lang='lat' dir='ltr'>rebus</span> <span class='ocrx_word' id='word_1_177' title='bbox 1750 4091 1784 4153; x_wconf 88' lang='lat' dir='ltr'>et</span> <span class='ocrx_word' id='word_1_178' title='bbox 1802 4081 1957 4176; x_wconf 86' lang='lat' dir='ltr'>personis</span> 
     </span>
     <span class='ocr_line' id='line_1_24' title="bbox 542 4201 1956 4300; baseline -0.001 -23"><span class='ocrx_word' id='word_1_179' title='bbox 542 4201 736 4299; x_wconf 84' lang='lat' dir='ltr'>specialiter</span> <span class='ocrx_word' id='word_1_180' title='bbox 750 4203 817 4276; x_wconf 86' lang='lat' dir='ltr'>sub</span> <span class='ocrx_word' id='word_1_181' title='bbox 834 4203 1044 4299; x_wconf 83' lang='lat' dir='ltr'>protectione</span> <span class='ocrx_word' id='word_1_182' title='bbox 1062 4214 1178 4280; x_wconf 88' lang='lat' dir='ltr'>nostra</span> <span class='ocrx_word' id='word_1_183' title='bbox 1188 4204 1394 4300; x_wconf 88' lang='lat' dir='ltr'>recepimus,</span> <span class='ocrx_word' id='word_1_184' title='bbox 1409 4203 1603 4278; x_wconf 88' lang='lat' dir='ltr'>inhibentes</span> <span class='ocrx_word' id='word_1_185' title='bbox 1620 4202 1793 4276; x_wconf 84' lang='lat' dir='ltr'>universis</span> <span class='ocrx_word' id='word_1_186' title='bbox 1807 4224 1852 4276; x_wconf 95' lang='lat' dir='ltr'>ne</span> <span class='ocrx_word' id='word_1_187' title='bbox 1869 4201 1956 4298; x_wconf 85' lang='lat' dir='ltr'>quid</span> 
     </span>
     <span class='ocr_line' id='line_1_25' title="bbox 541 4327 1956 4427; baseline 0.001 -28"><span class='ocrx_word' id='word_1_188' title='bbox 541 4327 591 4400; x_wconf 91' lang='lat' dir='ltr'>illi</span> <span class='ocrx_word' id='word_1_189' title='bbox 608 4327 771 4402; x_wconf 89' lang='lat' dir='ltr'>violentie</span> <span class='ocrx_word' id='word_1_190' title='bbox 795 4337 856 4402; x_wconf 89' lang='lat' dir='ltr'>aut</span> <span class='ocrx_word' id='word_1_191' title='bbox 877 4327 1003 4421; x_wconf 91' lang='lat' dir='ltr'>injurie</span> <span class='ocrx_word' id='word_1_192' title='bbox 1022 4329 1148 4404; x_wconf 81' lang='lat' dir='ltr'>inferre</span> <span class='ocrx_word' id='word_1_193' title='bbox 1170 4337 1382 4427; x_wconf 87' lang='lat' dir='ltr'>presumant.</span> <span class='ocrx_word' id='word_1_194' title='bbox 1405 4329 1538 4424; x_wconf 89' lang='lat' dir='ltr'>Siquis</span> <span class='ocrx_word' id='word_1_195' title='bbox 1555 4349 1639 4402; x_wconf 89' lang='lat' dir='ltr'>vero</span> <span class='ocrx_word' id='word_1_196' title='bbox 1661 4337 1811 4402; x_wconf 84' lang='lat' dir='ltr'>nostram</span> <span class='ocrx_word' id='word_1_197' title='bbox 1834 4327 1956 4424; x_wconf 85' lang='lat' dir='ltr'>parvi-</span> 
     </span>
     <span class='ocr_line' id='line_1_26' title="bbox 539 4451 1954 4550; baseline 0 -24"><span class='ocrx_word' id='word_1_198' title='bbox 539 4451 696 4550; x_wconf 88' lang='lat' dir='ltr'>pendens</span> <span class='ocrx_word' id='word_1_199' title='bbox 710 4453 983 4548; x_wconf 80' lang='lat' dir='ltr'>indignationem</span> <span class='ocrx_word' id='word_1_200' title='bbox 1000 4455 1137 4550; x_wconf 88' lang='lat' dir='ltr'>eosqui</span> <span class='ocrx_word' id='word_1_201' title='bbox 1154 4456 1192 4528; x_wconf 93' lang='lat' dir='ltr'>in</span> <span class='ocrx_word' id='word_1_202' title='bbox 1217 4455 1276 4528; x_wconf 94' lang='lat' dir='ltr'>illo</span> <span class='ocrx_word' id='word_1_203' title='bbox 1292 4454 1437 4529; x_wconf 90' lang='lat' dir='ltr'>cenobio</span> <span class='ocrx_word' id='word_1_204' title='bbox 1452 4455 1523 4529; x_wconf 88' lang='lat' dir='ltr'>Deo</span> <span class='ocrx_word' id='word_1_205' title='bbox 1549 4453 1706 4528; x_wconf 86' lang='lat' dir='ltr'>serviunt</span> <span class='ocrx_word' id='word_1_206' title='bbox 1727 4453 1803 4528; x_wconf 89' lang='lat' dir='ltr'>sine</span> <span class='ocrx_word' id='word_1_207' title='bbox 1820 4453 1954 4546; x_wconf 80' lang='lat' dir='ltr'>judicio</span> 
     </span>
     <span class='ocr_line' id='line_1_27' title="bbox 539 4578 1954 4678; baseline 0.001 -28"><span class='ocrx_word' id='word_1_208' title='bbox 539 4578 813 4671; x_wconf 84' lang='lat' dir='ltr'>conturbaverit,</span> <span class='ocrx_word' id='word_1_209' title='bbox 838 4601 893 4654; x_wconf 88' lang='lat' dir='ltr'>res</span> <span class='ocrx_word' id='word_1_210' title='bbox 910 4579 1065 4676; x_wconf 87' lang='lat' dir='ltr'>ipsorum</span> <span class='ocrx_word' id='word_1_211' title='bbox 1084 4582 1140 4654; x_wconf 84' lang='lat' dir='ltr'>vel</span> <span class='ocrx_word' id='word_1_212' title='bbox 1159 4602 1324 4678; x_wconf 85' lang='lat' dir='ltr'>personas</span> <span class='ocrx_word' id='word_1_213' title='bbox 1346 4581 1384 4654; x_wconf 93' lang='lat' dir='ltr'>in</span> <span class='ocrx_word' id='word_1_214' title='bbox 1404 4581 1490 4655; x_wconf 87' lang='lat' dir='ltr'>locis</span> <span class='ocrx_word' id='word_1_215' title='bbox 1514 4579 1728 4676; x_wconf 88' lang='lat' dir='ltr'>quibuslibet</span> <span class='ocrx_word' id='word_1_216' title='bbox 1753 4579 1954 4654; x_wconf 86' lang='lat' dir='ltr'>invadendo</span> 
     </span>
     <span class='ocr_line' id='line_1_28' title="bbox 537 4701 1955 4804; baseline 0.001 -30"><span class='ocrx_word' id='word_1_217' title='bbox 537 4709 600 4774; x_wconf 87' lang='lat' dir='ltr'>aut</span> <span class='ocrx_word' id='word_1_218' title='bbox 614 4701 775 4795; x_wconf 88' lang='lat' dir='ltr'>ledendo,</span> <span class='ocrx_word' id='word_1_219' title='bbox 790 4704 964 4778; x_wconf 89' lang='lat' dir='ltr'>universis</span> <span class='ocrx_word' id='word_1_220' title='bbox 978 4705 1103 4780; x_wconf 86' lang='lat' dir='ltr'>nostris</span> <span class='ocrx_word' id='word_1_221' title='bbox 1117 4704 1279 4780; x_wconf 83' lang='lat' dir='ltr'>fidelibus</span> <span class='ocrx_word' id='word_1_222' title='bbox 1292 4706 1355 4804; x_wconf 88' lang='lat' dir='ltr'>qui</span> <span class='ocrx_word' id='word_1_223' title='bbox 1368 4707 1521 4782; x_wconf 85' lang='lat' dir='ltr'>lavarem</span> <span class='ocrx_word' id='word_1_224' title='bbox 1536 4715 1691 4780; x_wconf 85' lang='lat' dir='ltr'>nostrum</span> <span class='ocrx_word' id='word_1_225' title='bbox 1704 4705 1955 4802; x_wconf 89' lang='lat' dir='ltr'>concupiscunt</span> 
     </span>
    </p>
   </div>
   <div class='ocr_carea' id='block_1_10' title="bbox 0 0 2168 5910">
    <p class='ocr_par' dir='ltr' id='par_1_10' title="bbox 0 0 2168 5910">
     <span class='ocr_line' id='line_1_29' title="bbox 0 0 2168 5910; baseline 0 6"><span class='ocrx_word' id='word_1_226' title='bbox 0 0 2168 5910; x_wconf 95' lang='lat' dir='ltr'> </span> 
     </span>
    </p>
   </div>
  </div>
 </body>
</html>
