4326 5910
520 572 581 634 rra
980 617 984 627 .
1041 571 1215 636 nnunrcr
1240 571 1406 634 surrrur
1745 571 1825 652 [tn.
1844 571 1929 636 rara

523 705 633 800 gratia
654 707 885 780 Romanorum
910 729 975 782 rex
997 717 1033 784 et
1055 729 1192 804 semper
1213 717 1396 802 augustus.
1421 705 1528 780 Justis
1554 704 1711 780 fidelium
1738 715 1931 782 nostrorum

521 830 809 928 postulationibus
837 840 932 906 tanto
960 833 1147 929 majestatis
1175 841 1290 906 nostre
1320 833 1474 907 levorem
1503 831 1680 909 liberalius
1701 832 1929 928 impertimur,

516 967 647 1051 quanto
659 956 826 1053 ampliora
842 956 928 1054 ipsis
944 957 1075 1032 exinde
1089 977 1267 1054 speramus
1284 955 1451 1030 beneficia
1468 955 1652 1052 provenire
1669 965 1871 1054 quantoque
1887 958 1932 1032 ab

519 1079 696 1154 Altbsimo
720 1091 838 1156 eterne
863 1081 1089 1157 beatitudinis
1118 1081 1251 1178 premia
1278 1081 1517 1178 prestolamur.
1542 1079 1707 1154 Noverint
1732 1081 1838 1176 igitur
1863 1093 1932 1156 um

520 1225 661 1302 presens
678 1213 751 1280 etus
774 1229 880 1302 quam
908 1229 1111 1282 successura
1135 1207 1316 1304 posteritas
1333 1205 1430 1302 quod
1450 1205 1510 1302 pie
1533 1205 1697 1278 memorie
1721 1209 1933 1303 consangui-

523 1351 611 1404 nens
629 1338 745 1404 noster
760 1331 975 1426 Fn'dericns,
1001 1331 1144 1405 illustris
1156 1330 1233 1404 dux
1246 1329 1291 1404 de
1303 1329 1519 1420 llotenburc,
1537 1328 1696 1426 predium
1711 1351 1814 1402 sunm
1831 1331 1931 1406 Swa·

522 1455 612 1530 bach
643 1477 723 1528 cnm
751 1457 917 1531 attinente
943 1455 1125 1554 parrochia
1148 1463 1183 1529 ot
1208 1455 1370 1529 omnibns
1390 1455 1504 1530 eidem
1527 1455 1670 1528 ecclesie
1686 1453 1928 1547 attinentibus,

523 1601 692 1654 musanen
721 1589 756 1654 et
782 1581 1004 1678 stipulatione
1028 1579 1200 1656 Cuonradi
1226 1589 1311 1654 tunc
1333 1579 1497 1677 temporis
1519 1577 1729 1653 Eistedensis
1757 1579 1928 1677 episcopi,

522 1705 665 1780 ecclesie
692 1706 878 1780 Ebracensi
902 1707 1060 1782 absolute
1085 1705 1220 1780 eteius
1247 1703 1516 1779 contradictione
1537 1705 1722 1798 cujuslibet
1748 1705 1933 1780 liberaliter

522 1829 730 1904 contradidit
745 1839 780 1904 et
797 1831 962 1922 donavit;
983 1851 1090 1928 qnam
1107 1829 1327 1905 donationem
1346 1828 1428 1904 dive
1450 1827 1696 1902 recordationis
1720 1828 1872 1902 Heinrici
1899 1841 1933 1903 et

522 1955 727 2029 serenissimi
756 1956 864 2051 patris
888 1956 996 2030 nostri
1026 1954 1190 2028 Friderici
1220 1953 1434 2052 imperatoris
1464 1951 1652 2050 imperialis
1678 1951 1932 2047 magnificentie

523 2081 707 2153 auctoritas
733 2089 899 2176 perpetuo
927 2079 1188 2175 privilegiorum
1212 2079 1406 2152 munimine
1428 2077 1618 2152 roboravit.
1647 2077 1717 2151 Nos
1742 2078 1859 2172 itaque
1884 2077 1931 2152 ad

523 2205 599 2296 ejus
625 2189 897 2277 misericordiam
913 2205 975 2300 qui
993 2227 1055 2300 pre
1076 2205 1198 2278 ceteris
1215 2204 1324 2298 gloria
1345 2225 1409 2278 nos
1425 2211 1461 2277 et
1475 2203 1614 2278 diviciis
1640 2203 1828 2289 exdtarit,
1856 2225 1932 2278 res-

522 2337 662 2424 pectum
675 2329 803 2402 babere
817 2330 984 2421 uolentes,
1005 2339 1040 2404 et
1057 2329 1206 2403 felicium
1222 2329 1479 2426 progenitorum
1494 2335 1688 2402 nostrornm
1701 2328 1849 2423 vestigia
1865 2350 1931 2401 cu-

521 2452 657 2550 pientes
685 2439 832 2544 imitari,
863 2453 1056 2550 predictum
1085 2453 1244 2552 predium
1272 2453 1466 2528 secundum
1493 2455 1637 2526 formam
1670 2451 1866 2528 donationis
1898 2463 1932 2528 et

522 2575 788 2650 confirmationis
805 2577 889 2674 ipsis
905 2601 1103 2654 concessam
1123 2601 1187 2654 nos
1207 2579 1363 2652 similiter
1376 2575 1462 2675 ipsis
1481 2599 1554 2651 una
1571 2598 1651 2650 cnm
1670 2577 1835 2652 attinente
1849 2603 1931 2675 par-

522 2700 638 2774 rochia
651 2701 837 2798 peremnia
847 2702 1108 2797 confirmamns;
1121 2705 1278 2778 volentes
1291 2711 1413 2776 uttam
1426 2703 1549 2799 prelati
1561 2701 1662 2776 ducis
1672 2701 1814 2776 donatio
1825 2725 1931 2799 quam

521 2825 673 2899 felicium
692 2825 936 2924 imperatarum
951 2827 1178 2919 confirmatio,
1196 2850 1277 2901 cum
1295 2835 1442 2922 utraque
1453 2829 1548 2921 justa
1564 2827 1609 2900 sit
1624 2847 1666 2901 ao
1681 2827 1846 2923 legitima,
1868 2828 1931 2902 fir·

522 2951 651 3024 miletis
664 2963 829 3048 perpetue
843 2953 949 3026 robur
964 2954 1117 3028 obtineat
1129 2958 1164 3028 et
1179 2953 1348 3048 vigorem.
1365 2953 1523 3026 Preterea
1538 2951 1596 3049 pie
1610 2949 1810 3050 profitemur
1823 2961 1931 3027 totum

522 3075 683 3172 predium
709 3063 919 3152 antedictum
947 3099 1027 3152 cum
1055 3078 1234 3174 parrochia
1259 3076 1394 3152 dilectis
1420 3077 1584 3151 fratribus
1609 3077 1734 3151 nostris
1754 3079 1932 3154 Ebraoen·

524 3201 623 3274 sibus
637 3222 702 3275 nos
718 3202 808 3276 velle
824 3203 932 3293 tueri,
950 3224 1065 3299 neque
1078 3203 1186 3277 alium
1203 3202 1255 3276 eis
1270 3202 1308 3274 in
1325 3201 1457 3276 eisdem
1478 3201 1580 3275 bonis
1597 3202 1848 3277 essevolumus
1865 3205 1930 3280 ad·

523 3335 685 3400 vocatum
704 3349 810 3422 quum
833 3329 976 3402 Romani
1000 3329 1125 3426 sceptri
1149 3331 1362 3422 majestatem
1387 3335 1449 3401 ant
1471 3349 1576 3422 quem
1602 3325 1669 3422 ipsi
1693 3327 1813 3403 iratres
1834 3332 1930 3426 pacis

524 3472 587 3524 sue
611 3451 848 3525 constituerint
865 3454 1089 3550 provisorem.
1105 3453 1251 3528 Omnem
1268 3473 1409 3549 quoque
1429 3451 1647 3526 exactionem
1661 3460 1697 3525 et
1712 3475 1829 3528 annue
1845 3477 1930 3552 pen·

523 3574 631 3648 sionis
654 3577 843 3650 molestiam
868 3599 931 3651 seu
952 3578 1122 3674 quioquid
1147 3599 1267 3651 eorum
1290 3577 1400 3672 quieti
1425 3577 1660 3673 importunum
1681 3597 1758 3653 osse
1781 3580 1931 3675 potuerit

524 3707 594 3772 mm
608 3699 653 3772 ab
667 3700 717 3774 eis
730 3723 836 3796 quam
855 3723 876 3775 a
896 3703 1025 3776 colonis
1042 3724 1163 3776 eornm
1180 3702 1383 3776 auctoritate
1401 3702 1497 3797 regia
1511 3711 1677 3798 perpetuo
1692 3725 1926 3794 removemus,

524 3845 643 3898 omnes
661 3845 781 3898 eorum
806 3826 951 3918 injurias
976 3826 1083 3922 digua
1105 3827 1259 3900 volentes
1277 3826 1439 3922 prosequi
1463 3826 1608 3900 ultione.
1628 3826 1685 3900 Ad
1705 3827 1811 3922 hujus
1826 3831 1928 3906 etiarn

523 3951 573 4024 rei
601 3959 729 4024 certam
753 3951 964 4024 evidentiam
993 3960 1186 4048 presentem
1223 3952 1386 4048 paginam
1410 3951 1540 4026 exinde
1564 3953 1792 4052 conscriptam
1816 3956 1930 4048 sigillo

523 4083 640 4148 nostro
658 4074 802 4146 lecimus
817 4077 1035 4150 communiri.

572 4199 755 4272 Testeebii
772 4210 853 4274 sunt
867 4203 903 4274 S.
918 4203 1153 4296 Mogontinus,
1165 4202 1206 4275 Ε.
1218 4200 1429 4274 Coloniensis
1439 4199 1654 4274 venerabiles
1665 4199 1927 4298 archiepiscopi,

522 4325 881 4420 &wirseburgensis
894 4325 1540 4422 Nwenburgensis,Hildenshemensis,
1553 4325 1930 4419 Mersoburgensis,Pa-

524 4449 752 4522 deburnensis
763 4449 979 4548 episcopi,L.
991 4451 1066 4524 dux
1076 4449 1233 4525 Bawarie
1246 4451 1419 4546 palatinus
1433 4471 1547 4525 comes
1558 4449 1657 4541 lleni,
1671 4451 1713 4522 D.
1725 4450 1932 4526 marchiode

522 4571 737 4663 Hobinbnro,
758 4557 799 4648 G.
817 4597 931 4650 comes
948 4575 993 4649 de
1009 4575 1140 4664 Dieths,
1160 4577 1202 4648 Η.
1223 4575 1415 4672 prepositus
1430 4575 1544 4648 Sancti
1563 4573 1727 4670 Stephani
1743 4573 1781 4646 in
1803 4573 1930 4648 Babin·

520 4697 621 4790 berc,
634 4696 698 4769 th.
715 4699 914 4774 scolasticus
927 4701 1066 4796 majoris
1083 4699 1227 4774 ecclesie
1246 4699 1553 4796 wirzeburgensis,
1570 4707 1605 4774 et
1616 4697 1675 4774 alii
1691 4699 1928 4797 quamplures.
