<?xml version="1.0" encoding="UTF-8"?>
<!DOCTYPE html PUBLIC "-//W3C//DTD XHTML 1.0 Transitional//EN"
    "http://www.w3.org/TR/xhtml1/DTD/xhtml1-transitional.dtd">
<html xmlns="http://www.w3.org/1999/xhtml" xml:lang="en" lang="en">
 <head>
  <title>
</title>
<meta http-equiv="Content-Type" content="text/html;charset=utf-8" />
  <meta name='ocr-system' content='tesseract 3.04.00' />
  <meta name='ocr-capabilities' content='ocr_page ocr_carea ocr_par ocr_line ocrx_word'/>
</head>
<body>
  <div class='ocr_page' id='page_1' title='image "./historiadiploma04fredgoog_0024.png"; bbox 0 0 4466 5914; ppageno 0'>
   <div class='ocr_carea' id='block_1_1' title="bbox 281 639 1699 730">
    <p class='ocr_par' dir='ltr' id='par_1_1' title="bbox 281 639 1699 730">
     <span class='ocr_line' id='line_1_1' title="bbox 281 639 1699 730; baseline -0.004 -22"><span class='ocrx_word' id='word_1_1' title='bbox 281 647 382 708; x_wconf 75' lang='lat' dir='ltr'>horor.</span> <span class='ocrx_word' id='word_1_2' title='bbox 401 645 461 730; x_wconf 70' lang='lat' dir='ltr'>lb]</span> <span class='ocrx_word' id='word_1_3' title='bbox 734 639 931 702; x_wconf 75' lang='lat' dir='ltr'>HISTORIA</span> <span class='ocrx_word' id='word_1_4' title='bbox 954 639 1250 704; x_wconf 78' lang='lat' dir='ltr'>otuuottavtcu.</span> <span class='ocrx_word' id='word_1_5' title='bbox 1641 639 1699 702; x_wconf 83' lang='lat' dir='ltr'>cll</span> 
     </span>
    </p>
   </div>
   <div class='ocr_carea' id='block_1_2' title="bbox 284 773 1709 4622">
    <p class='ocr_par' dir='ltr' id='par_1_2' title="bbox 284 773 1709 4622">
     <span class='ocr_line' id='line_1_2' title="bbox 284 773 1695 872; baseline -0.007 -16"><span class='ocrx_word' id='word_1_6' title='bbox 284 791 444 872; x_wconf 89' lang='lat' dir='ltr'>coactus,</span> <span class='ocrx_word' id='word_1_7' title='bbox 471 800 513 852; x_wconf 93' lang='lat' dir='ltr'>ac</span> <span class='ocrx_word' id='word_1_8' title='bbox 536 776 649 852; x_wconf 82' lang='lat' dir='ltr'>taliter</span> <span class='ocrx_word' id='word_1_9' title='bbox 667 774 734 872; x_wconf 87' lang='lat' dir='ltr'>ipsi</span> <span class='ocrx_word' id='word_1_10' title='bbox 758 773 929 870; x_wconf 89' lang='lat' dir='ltr'>colloquio</span> <span class='ocrx_word' id='word_1_11' title='bbox 950 774 1129 850; x_wconf 70' lang='lat' dir='ltr'>interesset</span> <span class='ocrx_word' id='word_1_12' title='bbox 1145 775 1220 850; x_wconf 89' lang='lat' dir='ltr'>eine</span> <span class='ocrx_word' id='word_1_13' title='bbox 1241 773 1466 848; x_wconf 81' lang='lat' dir='ltr'>servitoribus</span> <span class='ocrx_word' id='word_1_14' title='bbox 1484 773 1695 866; x_wconf 70' lang='lat' dir='ltr'>indecenter,</span> 
     </span>
     <span class='ocr_line' id='line_1_3' title="bbox 284 898 1695 1002; baseline -0.007 -22"><span class='ocrx_word' id='word_1_15' title='bbox 284 905 447 1002; x_wconf 88' lang='lat' dir='ltr'>quamvis</span> <span class='ocrx_word' id='word_1_16' title='bbox 464 902 627 978; x_wconf 89' lang='lat' dir='ltr'>domiuus</span> <span class='ocrx_word' id='word_1_17' title='bbox 647 901 830 995; x_wconf 89' lang='lat' dir='ltr'>imperator</span> <span class='ocrx_word' id='word_1_18' title='bbox 846 921 915 974; x_wconf 92' lang='lat' dir='ltr'>non</span> <span class='ocrx_word' id='word_1_19' title='bbox 930 899 1062 974; x_wconf 91' lang='lat' dir='ltr'>babens</span> <span class='ocrx_word' id='word_1_20' title='bbox 1076 902 1230 976; x_wconf 92' lang='lat' dir='ltr'>animum</span> <span class='ocrx_word' id='word_1_21' title='bbox 1250 900 1402 996; x_wconf 86' lang='lat' dir='ltr'>aliquem</span> <span class='ocrx_word' id='word_1_22' title='bbox 1416 898 1616 972; x_wconf 82' lang='lat' dir='ltr'>offendendi</span> <span class='ocrx_word' id='word_1_23' title='bbox 1634 898 1695 996; x_wconf 86' lang='lat' dir='ltr'>(a),</span> 
     </span>
     <span class='ocr_line' id='line_1_4' title="bbox 285 1023 1695 1120; baseline -0.007 -16"><span class='ocrx_word' id='word_1_24' title='bbox 285 1041 325 1104; x_wconf 92' lang='lat' dir='ltr'>ut</span> <span class='ocrx_word' id='word_1_25' title='bbox 351 1029 502 1104; x_wconf 90' lang='lat' dir='ltr'>remissis</span> <span class='ocrx_word' id='word_1_26' title='bbox 530 1025 714 1102; x_wconf 80' lang='lat' dir='ltr'>dextrariis</span> <span class='ocrx_word' id='word_1_27' title='bbox 740 1033 846 1119; x_wconf 92' lang='lat' dir='ltr'>atque</span> <span class='ocrx_word' id='word_1_28' title='bbox 870 1025 994 1117; x_wconf 75' lang='lat' dir='ltr'>armiS,</span> <span class='ocrx_word' id='word_1_29' title='bbox 1015 1025 1204 1100; x_wconf 93' lang='lat' dir='ltr'>dummodo</span> <span class='ocrx_word' id='word_1_30' title='bbox 1222 1025 1289 1098; x_wconf 78' lang='lat' dir='ltr'>rub</span> <span class='ocrx_word' id='word_1_31' title='bbox 1308 1025 1528 1120; x_wconf 92' lang='lat' dir='ltr'>numeroqui</span> <span class='ocrx_word' id='word_1_32' title='bbox 1542 1023 1695 1114; x_wconf 90' lang='lat' dir='ltr'>deceret,</span> 
     </span>
     <span class='ocr_line' id='line_1_5' title="bbox 285 1145 1699 1243; baseline -0.005 -18"><span class='ocrx_word' id='word_1_33' title='bbox 285 1153 445 1226; x_wconf 90' lang='lat' dir='ltr'>venirent</span> <span class='ocrx_word' id='word_1_34' title='bbox 460 1149 507 1224; x_wconf 90' lang='lat' dir='ltr'>ad</span> <span class='ocrx_word' id='word_1_35' title='bbox 525 1148 735 1243; x_wconf 89' lang='lat' dir='ltr'>colloquium</span> <span class='ocrx_word' id='word_1_36' title='bbox 755 1147 983 1220; x_wconf 90' lang='lat' dir='ltr'>nominatum.</span> <span class='ocrx_word' id='word_1_37' title='bbox 1002 1149 1198 1242; x_wconf 88' lang='lat' dir='ltr'>Mirumque</span> <span class='ocrx_word' id='word_1_38' title='bbox 1221 1147 1380 1243; x_wconf 89' lang='lat' dir='ltr'>pluribus</span> <span class='ocrx_word' id='word_1_39' title='bbox 1396 1146 1580 1220; x_wconf 88' lang='lat' dir='ltr'>videbatur</span> <span class='ocrx_word' id='word_1_40' title='bbox 1602 1145 1699 1240; x_wconf 95' lang='lat' dir='ltr'>quod</span> 
     </span>
     <span class='ocr_line' id='line_1_6' title="bbox 285 1268 1699 1370; baseline -0.005 -23"><span class='ocrx_word' id='word_1_41' title='bbox 285 1274 524 1370; x_wconf 88' lang='lat' dir='ltr'>prohiberetur</span> <span class='ocrx_word' id='word_1_42' title='bbox 541 1269 689 1368; x_wconf 85' lang='lat' dir='ltr'>pmpriis</span> <span class='ocrx_word' id='word_1_43' title='bbox 705 1269 914 1344; x_wconf 82' lang='lat' dir='ltr'>victualibus</span> <span class='ocrx_word' id='word_1_44' title='bbox 931 1271 1133 1358; x_wconf 85' lang='lat' dir='ltr'>sustentari,</span> <span class='ocrx_word' id='word_1_45' title='bbox 1155 1292 1235 1342; x_wconf 92' lang='lat' dir='ltr'>cum</span> <span class='ocrx_word' id='word_1_46' title='bbox 1257 1269 1518 1366; x_wconf 86' lang='lat' dir='ltr'>predecessores</span> <span class='ocrx_word' id='word_1_47' title='bbox 1537 1268 1592 1342; x_wconf 90' lang='lat' dir='ltr'>sui</span> <span class='ocrx_word' id='word_1_48' title='bbox 1615 1269 1699 1342; x_wconf 90' lang='lat' dir='ltr'>sutis</span> 
     </span>
     <span class='ocr_line' id='line_1_7' title="bbox 286 1393 1699 1491; baseline -0.006 -17"><span class='ocrx_word' id='word_1_49' title='bbox 286 1399 386 1474; x_wconf 87' lang='lat' dir='ltr'>aliter</span> <span class='ocrx_word' id='word_1_50' title='bbox 408 1420 447 1472; x_wconf 92' lang='lat' dir='ltr'>se</span> <span class='ocrx_word' id='word_1_51' title='bbox 471 1396 658 1471; x_wconf 82' lang='lat' dir='ltr'>habuerint</span> <span class='ocrx_word' id='word_1_52' title='bbox 685 1395 866 1468; x_wconf 90' lang='lat' dir='ltr'>transitum</span> <span class='ocrx_word' id='word_1_53' title='bbox 890 1417 951 1490; x_wconf 94' lang='lat' dir='ltr'>per</span> <span class='ocrx_word' id='word_1_54' title='bbox 976 1395 1159 1491; x_wconf 93' lang='lat' dir='ltr'>imperium</span> <span class='ocrx_word' id='word_1_55' title='bbox 1185 1396 1362 1470; x_wconf 84' lang='lat' dir='ltr'>iacientes.</span> <span class='ocrx_word' id='word_1_56' title='bbox 1388 1393 1491 1479; x_wconf 88' lang='lat' dir='ltr'>Quod</span> <span class='ocrx_word' id='word_1_57' title='bbox 1512 1401 1628 1468; x_wconf 85' lang='lat' dir='ltr'>autem</span> <span class='ocrx_word' id='word_1_58' title='bbox 1653 1393 1699 1466; x_wconf 90' lang='lat' dir='ltr'>ad</span> 
     </span>
     <span class='ocr_line' id='line_1_8' title="bbox 287 1517 1701 1615; baseline -0.005 -18"><span class='ocrx_word' id='word_1_59' title='bbox 287 1524 485 1600; x_wconf 88' lang='lat' dir='ltr'>instantiam</span> <span class='ocrx_word' id='word_1_60' title='bbox 504 1523 703 1614; x_wconf 88' lang='lat' dir='ltr'>civitatum,</span> <span class='ocrx_word' id='word_1_61' title='bbox 724 1529 872 1596; x_wconf 90' lang='lat' dir='ltr'>armatos</span> <span class='ocrx_word' id='word_1_62' title='bbox 886 1541 976 1614; x_wconf 86' lang='lat' dir='ltr'>quos</span> <span class='ocrx_word' id='word_1_63' title='bbox 991 1541 1108 1594; x_wconf 87' lang='lat' dir='ltr'>secum</span> <span class='ocrx_word' id='word_1_64' title='bbox 1125 1521 1295 1612; x_wconf 88' lang='lat' dir='ltr'>habebat,</span> <span class='ocrx_word' id='word_1_65' title='bbox 1315 1529 1501 1614; x_wconf 89' lang='lat' dir='ltr'>antequam</span> <span class='ocrx_word' id='word_1_66' title='bbox 1519 1520 1593 1615; x_wconf 89' lang='lat' dir='ltr'>ipse</span> <span class='ocrx_word' id='word_1_67' title='bbox 1608 1517 1701 1590; x_wconf 85' lang='lat' dir='ltr'>tilius</span> 
     </span>
     <span class='ocr_line' id='line_1_9' title="bbox 288 1643 1700 1745; baseline -0.005 -22"><span class='ocrx_word' id='word_1_68' title='bbox 288 1672 369 1723; x_wconf 92' lang='lat' dir='ltr'>cum</span> <span class='ocrx_word' id='word_1_69' title='bbox 399 1648 617 1745; x_wconf 88' lang='lat' dir='ltr'>principibus</span> <span class='ocrx_word' id='word_1_70' title='bbox 640 1647 836 1742; x_wconf 84' lang='lat' dir='ltr'>perveniret</span> <span class='ocrx_word' id='word_1_71' title='bbox 859 1645 905 1719; x_wconf 91' lang='lat' dir='ltr'>ad</span> <span class='ocrx_word' id='word_1_72' title='bbox 928 1646 1060 1742; x_wconf 89' lang='lat' dir='ltr'>ipsum,</span> <span class='ocrx_word' id='word_1_73' title='bbox 1086 1647 1257 1718; x_wconf 88' lang='lat' dir='ltr'>remittere</span> <span class='ocrx_word' id='word_1_74' title='bbox 1282 1654 1466 1736; x_wconf 84' lang='lat' dir='ltr'>teneretur,</span> <span class='ocrx_word' id='word_1_75' title='bbox 1493 1643 1700 1738; x_wconf 87' lang='lat' dir='ltr'>suspicionis</span> 
     </span>
     <span class='ocr_line' id='line_1_10' title="bbox 288 1769 1700 1869; baseline -0.006 -21"><span class='ocrx_word' id='word_1_76' title='bbox 288 1776 452 1869; x_wconf 88' lang='lat' dir='ltr'>scrupulo</span> <span class='ocrx_word' id='word_1_77' title='bbox 477 1796 547 1848; x_wconf 95' lang='lat' dir='ltr'>non</span> <span class='ocrx_word' id='word_1_78' title='bbox 566 1772 723 1860; x_wconf 84' lang='lat' dir='ltr'>carebat,</span> <span class='ocrx_word' id='word_1_79' title='bbox 745 1771 829 1866; x_wconf 95' lang='lat' dir='ltr'>quia</span> <span class='ocrx_word' id='word_1_80' title='bbox 850 1793 930 1844; x_wconf 91' lang='lat' dir='ltr'>eum</span> <span class='ocrx_word' id='word_1_81' title='bbox 953 1771 1069 1844; x_wconf 90' lang='lat' dir='ltr'>adbuc</span> <span class='ocrx_word' id='word_1_82' title='bbox 1093 1770 1239 1843; x_wconf 94' lang='lat' dir='ltr'>dubium</span> <span class='ocrx_word' id='word_1_83' title='bbox 1263 1779 1353 1846; x_wconf 87' lang='lat' dir='ltr'>esset</span> <span class='ocrx_word' id='word_1_84' title='bbox 1376 1780 1493 1842; x_wconf 93' lang='lat' dir='ltr'>utrum</span> <span class='ocrx_word' id='word_1_85' title='bbox 1517 1770 1564 1843; x_wconf 91' lang='lat' dir='ltr'>ad</span> <span class='ocrx_word' id='word_1_86' title='bbox 1586 1769 1700 1864; x_wconf 87' lang='lat' dir='ltr'>ipsum</span> 
     </span>
     <span class='ocr_line' id='line_1_11' title="bbox 289 1895 1701 1990; baseline -0.001 -20"><span class='ocrx_word' id='word_1_87' title='bbox 289 1896 383 1971; x_wconf 86' lang='lat' dir='ltr'>lilius</span> <span class='ocrx_word' id='word_1_88' title='bbox 398 1897 519 1971; x_wconf 91' lang='lat' dir='ltr'>venire</span> <span class='ocrx_word' id='word_1_89' title='bbox 535 1896 688 1988; x_wconf 86' lang='lat' dir='ltr'>deberet,</span> <span class='ocrx_word' id='word_1_90' title='bbox 707 1895 737 1968; x_wconf 89' lang='lat' dir='ltr'>si</span> <span class='ocrx_word' id='word_1_91' title='bbox 755 1897 806 1969; x_wconf 87' lang='lat' dir='ltr'>sio</span> <span class='ocrx_word' id='word_1_92' title='bbox 828 1897 1014 1970; x_wconf 90' lang='lat' dir='ltr'>remitteret</span> <span class='ocrx_word' id='word_1_93' title='bbox 1027 1919 1115 1990; x_wconf 93' lang='lat' dir='ltr'>quos</span> <span class='ocrx_word' id='word_1_94' title='bbox 1130 1897 1280 1970; x_wconf 88' lang='lat' dir='ltr'>babebat</span> <span class='ocrx_word' id='word_1_95' title='bbox 1298 1905 1389 1968; x_wconf 89' lang='lat' dir='ltr'>certa</span> <span class='ocrx_word' id='word_1_96' title='bbox 1408 1895 1616 1990; x_wconf 88' lang='lat' dir='ltr'>relinqueret</span> <span class='ocrx_word' id='word_1_97' title='bbox 1639 1915 1701 1990; x_wconf 93' lang='lat' dir='ltr'>pro</span> 
     </span>
     <span class='ocr_line' id='line_1_12' title="bbox 289 2019 1702 2118; baseline -0.001 -24"><span class='ocrx_word' id='word_1_98' title='bbox 289 2023 441 2115; x_wconf 89' lang='lat' dir='ltr'>incertis,</span> <span class='ocrx_word' id='word_1_99' title='bbox 458 2023 580 2118; x_wconf 87' lang='lat' dir='ltr'>sicque</span> <span class='ocrx_word' id='word_1_100' title='bbox 595 2023 690 2096; x_wconf 90' lang='lat' dir='ltr'>solus</span> <span class='ocrx_word' id='word_1_101' title='bbox 707 2023 795 2096; x_wconf 86' lang='lat' dir='ltr'>inter</span> <span class='ocrx_word' id='word_1_102' title='bbox 811 2044 871 2096; x_wconf 91' lang='lat' dir='ltr'>eos</span> <span class='ocrx_word' id='word_1_103' title='bbox 886 2023 1007 2117; x_wconf 89' lang='lat' dir='ltr'>utique</span> <span class='ocrx_word' id='word_1_104' title='bbox 1023 2032 1215 2095; x_wconf 88' lang='lat' dir='ltr'>remaneret</span> <span class='ocrx_word' id='word_1_105' title='bbox 1230 2022 1290 2116; x_wconf 95' lang='lat' dir='ltr'>qui</span> <span class='ocrx_word' id='word_1_106' title='bbox 1306 2024 1378 2114; x_wconf 91' lang='lat' dir='ltr'>jam</span> <span class='ocrx_word' id='word_1_107' title='bbox 1394 2022 1424 2096; x_wconf 93' lang='lat' dir='ltr'>ei</span> <span class='ocrx_word' id='word_1_108' title='bbox 1442 2022 1542 2094; x_wconf 89' lang='lat' dir='ltr'>certis</span> <span class='ocrx_word' id='word_1_109' title='bbox 1564 2019 1702 2094; x_wconf 90' lang='lat' dir='ltr'>indiciis</span> 
     </span>
     <span class='ocr_line' id='line_1_13' title="bbox 289 2145 1699 2244; baseline -0.001 -26"><span class='ocrx_word' id='word_1_110' title='bbox 289 2146 515 2220; x_wconf 90' lang='lat' dir='ltr'>reddiderant</span> <span class='ocrx_word' id='word_1_111' title='bbox 531 2169 569 2220; x_wconf 87' lang='lat' dir='ltr'>se</span> <span class='ocrx_word' id='word_1_112' title='bbox 587 2155 778 2244; x_wconf 86' lang='lat' dir='ltr'>suspectos.</span> <span class='ocrx_word' id='word_1_113' title='bbox 797 2147 1031 2242; x_wconf 83' lang='lat' dir='ltr'>Requirebant</span> <span class='ocrx_word' id='word_1_114' title='bbox 1048 2157 1201 2243; x_wconf 89' lang='lat' dir='ltr'>preterea</span> <span class='ocrx_word' id='word_1_115' title='bbox 1216 2146 1312 2241; x_wconf 96' lang='lat' dir='ltr'>quod</span> <span class='ocrx_word' id='word_1_116' title='bbox 1330 2145 1492 2220; x_wconf 93' lang='lat' dir='ltr'>dominus</span> <span class='ocrx_word' id='word_1_117' title='bbox 1504 2148 1699 2242; x_wconf 88' lang='lat' dir='ltr'>imperator,</span> 
     </span>
     <span class='ocr_line' id='line_1_14' title="bbox 290 2271 1701 2369; baseline -0.001 -25"><span class='ocrx_word' id='word_1_118' title='bbox 290 2271 385 2345; x_wconf 90' lang='lat' dir='ltr'>filius</span> <span class='ocrx_word' id='word_1_119' title='bbox 406 2274 482 2365; x_wconf 85' lang='lat' dir='ltr'>ejus</span> <span class='ocrx_word' id='word_1_120' title='bbox 502 2295 544 2347; x_wconf 89' lang='lat' dir='ltr'>ac</span> <span class='ocrx_word' id='word_1_121' title='bbox 566 2273 741 2369; x_wconf 88' lang='lat' dir='ltr'>principes</span> <span class='ocrx_word' id='word_1_122' title='bbox 761 2272 963 2346; x_wconf 88' lang='lat' dir='ltr'>eorumdem</span> <span class='ocrx_word' id='word_1_123' title='bbox 981 2295 1019 2345; x_wconf 89' lang='lat' dir='ltr'>se</span> <span class='ocrx_word' id='word_1_124' title='bbox 1033 2272 1264 2365; x_wconf 81' lang='lat' dir='ltr'>jurisdictioni</span> <span class='ocrx_word' id='word_1_125' title='bbox 1286 2272 1419 2346; x_wconf 91' lang='lat' dir='ltr'>domini</span> <span class='ocrx_word' id='word_1_126' title='bbox 1439 2271 1542 2366; x_wconf 80' lang='lat' dir='ltr'>legati</span> <span class='ocrx_word' id='word_1_127' title='bbox 1565 2293 1701 2368; x_wconf 93' lang='lat' dir='ltr'>suppo-</span> 
     </span>
     <span class='ocr_line' id='line_1_15' title="bbox 290 2397 1703 2493; baseline -0.001 -24"><span class='ocrx_word' id='word_1_128' title='bbox 290 2405 411 2469; x_wconf 89' lang='lat' dir='ltr'>nerent</span> <span class='ocrx_word' id='word_1_129' title='bbox 429 2397 464 2468; x_wconf 93' lang='lat' dir='ltr'>in</span> <span class='ocrx_word' id='word_1_130' title='bbox 482 2397 548 2470; x_wconf 86' lang='lat' dir='ltr'>bac</span> <span class='ocrx_word' id='word_1_131' title='bbox 563 2405 674 2493; x_wconf 88' lang='lat' dir='ltr'>parte,</span> <span class='ocrx_word' id='word_1_132' title='bbox 691 2397 753 2491; x_wconf 95' lang='lat' dir='ltr'>qui</span> <span class='ocrx_word' id='word_1_133' title='bbox 771 2406 879 2470; x_wconf 88' lang='lat' dir='ltr'>terras</span> <span class='ocrx_word' id='word_1_134' title='bbox 901 2397 1105 2471; x_wconf 89' lang='lat' dir='ltr'>interdicere</span> <span class='ocrx_word' id='word_1_135' title='bbox 1128 2405 1301 2470; x_wconf 92' lang='lat' dir='ltr'>teneretur</span> <span class='ocrx_word' id='word_1_136' title='bbox 1325 2419 1372 2470; x_wconf 87' lang='lat' dir='ltr'>ex</span> <span class='ocrx_word' id='word_1_137' title='bbox 1393 2399 1481 2471; x_wconf 84' lang='lat' dir='ltr'>tacto</span> <span class='ocrx_word' id='word_1_138' title='bbox 1502 2407 1537 2470; x_wconf 92' lang='lat' dir='ltr'>et</span> <span class='ocrx_word' id='word_1_139' title='bbox 1562 2419 1703 2470; x_wconf 84' lang='lat' dir='ltr'>exeom-</span> 
     </span>
     <span class='ocr_line' id='line_1_16' title="bbox 291 2521 1704 2628; baseline 0.003 -36"><span class='ocrx_word' id='word_1_140' title='bbox 291 2522 469 2595; x_wconf 88' lang='lat' dir='ltr'>municare</span> <span class='ocrx_word' id='word_1_141' title='bbox 490 2543 674 2618; x_wconf 80' lang='lat' dir='ltr'>personas,</span> <span class='ocrx_word' id='word_1_142' title='bbox 700 2521 731 2594; x_wconf 88' lang='lat' dir='ltr'>si</span> <span class='ocrx_word' id='word_1_143' title='bbox 756 2521 926 2616; x_wconf 89' lang='lat' dir='ltr'>quamdiu</span> <span class='ocrx_word' id='word_1_144' title='bbox 950 2521 985 2593; x_wconf 94' lang='lat' dir='ltr'>in</span> <span class='ocrx_word' id='word_1_145' title='bbox 1012 2521 1108 2595; x_wconf 90' lang='lat' dir='ltr'>ltalia</span> <span class='ocrx_word' id='word_1_146' title='bbox 1139 2531 1327 2595; x_wconf 88' lang='lat' dir='ltr'>moraretur</span> <span class='ocrx_word' id='word_1_147' title='bbox 1353 2523 1510 2628; x_wconf 78' lang='lat' dir='ltr'>civitates</span> <span class='ocrx_word' id='word_1_148' title='bbox 1534 2523 1704 2621; x_wconf 89' lang='lat' dir='ltr'>predictas</span> 
     </span>
     <span class='ocr_line' id='line_1_17' title="bbox 291 2645 1700 2746; baseline 0.001 -27"><span class='ocrx_word' id='word_1_149' title='bbox 291 2645 383 2720; x_wconf 90' lang='lat' dir='ltr'>bello</span> <span class='ocrx_word' id='word_1_150' title='bbox 402 2647 459 2719; x_wconf 90' lang='lat' dir='ltr'>vel</span> <span class='ocrx_word' id='word_1_151' title='bbox 486 2647 590 2722; x_wconf 93' lang='lat' dir='ltr'>modo</span> <span class='ocrx_word' id='word_1_152' title='bbox 617 2649 772 2744; x_wconf 90' lang='lat' dir='ltr'>quolibet</span> <span class='ocrx_word' id='word_1_153' title='bbox 794 2652 1005 2740; x_wconf 84' lang='lat' dir='ltr'>molestaret,</span> <span class='ocrx_word' id='word_1_154' title='bbox 1031 2671 1072 2722; x_wconf 91' lang='lat' dir='ltr'>ee</span> <span class='ocrx_word' id='word_1_155' title='bbox 1099 2671 1281 2744; x_wconf 86' lang='lat' dir='ltr'>personam</span> <span class='ocrx_word' id='word_1_156' title='bbox 1308 2649 1440 2722; x_wconf 94' lang='lat' dir='ltr'>domini</span> <span class='ocrx_word' id='word_1_157' title='bbox 1468 2650 1700 2746; x_wconf 86' lang='lat' dir='ltr'>imperatoris,</span> 
     </span>
     <span class='ocr_line' id='line_1_18' title="bbox 292 2770 1704 2869; baseline 0.005 -29"><span class='ocrx_word' id='word_1_158' title='bbox 292 2770 457 2866; x_wconf 92' lang='lat' dir='ltr'>precipue</span> <span class='ocrx_word' id='word_1_159' title='bbox 472 2771 502 2844; x_wconf 88' lang='lat' dir='ltr'>si</span> <span class='ocrx_word' id='word_1_160' title='bbox 524 2783 638 2868; x_wconf 90' lang='lat' dir='ltr'>preter</span> <span class='ocrx_word' id='word_1_161' title='bbox 654 2774 909 2848; x_wconf 87' lang='lat' dir='ltr'>molestationes</span> <span class='ocrx_word' id='word_1_162' title='bbox 928 2775 1080 2869; x_wconf 90' lang='lat' dir='ltr'>reliquas</span> <span class='ocrx_word' id='word_1_163' title='bbox 1094 2777 1198 2848; x_wconf 91' lang='lat' dir='ltr'>vellet</span> <span class='ocrx_word' id='word_1_164' title='bbox 1217 2785 1341 2848; x_wconf 90' lang='lat' dir='ltr'>statum</span> <span class='ocrx_word' id='word_1_165' title='bbox 1360 2796 1480 2847; x_wconf 90' lang='lat' dir='ltr'>eorum</span> <span class='ocrx_word' id='word_1_166' title='bbox 1496 2775 1598 2847; x_wconf 89' lang='lat' dir='ltr'>etiam</span> <span class='ocrx_word' id='word_1_167' title='bbox 1614 2776 1704 2867; x_wconf 77' lang='lat' dir='ltr'>iuris</span> 
     </span>
     <span class='ocr_line' id='line_1_19' title="bbox 291 2893 1703 2996; baseline 0.003 -28"><span class='ocrx_word' id='word_1_168' title='bbox 291 2893 415 2970; x_wconf 89' lang='lat' dir='ltr'>ordine</span> <span class='ocrx_word' id='word_1_169' title='bbox 445 2919 653 2992; x_wconf 76' lang='lat' dir='ltr'>aggravare,</span> <span class='ocrx_word' id='word_1_170' title='bbox 682 2909 716 2972; x_wconf 89' lang='lat' dir='ltr'>et</span> <span class='ocrx_word' id='word_1_171' title='bbox 742 2897 905 2972; x_wconf 89' lang='lat' dir='ltr'>dominus</span> <span class='ocrx_word' id='word_1_172' title='bbox 932 2921 1023 2996; x_wconf 88' lang='lat' dir='ltr'>papa</span> <span class='ocrx_word' id='word_1_173' title='bbox 1049 2901 1112 2973; x_wconf 90' lang='lat' dir='ltr'>bas</span> <span class='ocrx_word' id='word_1_174' title='bbox 1137 2902 1322 2973; x_wconf 88' lang='lat' dir='ltr'>sententias</span> <span class='ocrx_word' id='word_1_175' title='bbox 1342 2897 1570 2972; x_wconf 83' lang='lat' dir='ltr'>confirmaret.</span> <span class='ocrx_word' id='word_1_176' title='bbox 1601 2900 1703 2985; x_wconf 88' lang='lat' dir='ltr'>Quod</span> 
     </span>
     <span class='ocr_line' id='line_1_20' title="bbox 293 3021 1704 3120; baseline 0.004 -29"><span class='ocrx_word' id='word_1_177' title='bbox 293 3021 435 3114; x_wconf 91' lang='lat' dir='ltr'>quidem</span> <span class='ocrx_word' id='word_1_178' title='bbox 454 3022 607 3096; x_wconf 89' lang='lat' dir='ltr'>hilariter</span> <span class='ocrx_word' id='word_1_179' title='bbox 626 3024 840 3117; x_wconf 90' lang='lat' dir='ltr'>admisisset,</span> <span class='ocrx_word' id='word_1_180' title='bbox 861 3025 891 3098; x_wconf 88' lang='lat' dir='ltr'>si</span> <span class='ocrx_word' id='word_1_181' title='bbox 906 3025 996 3119; x_wconf 88' lang='lat' dir='ltr'>juris</span> <span class='ocrx_word' id='word_1_182' title='bbox 1014 3025 1149 3120; x_wconf 90' lang='lat' dir='ltr'>equitas</span> <span class='ocrx_word' id='word_1_183' title='bbox 1170 3035 1205 3097; x_wconf 92' lang='lat' dir='ltr'>et</span> <span class='ocrx_word' id='word_1_184' title='bbox 1222 3025 1381 3098; x_wconf 89' lang='lat' dir='ltr'>honestus</span> <span class='ocrx_word' id='word_1_185' title='bbox 1404 3023 1479 3096; x_wconf 89' lang='lat' dir='ltr'>fieri</span> <span class='ocrx_word' id='word_1_186' title='bbox 1499 3024 1580 3096; x_wconf 88' lang='lat' dir='ltr'>talia</span> <span class='ocrx_word' id='word_1_187' title='bbox 1606 3034 1704 3118; x_wconf 89' lang='lat' dir='ltr'>pate·</span> 
     </span>
     <span class='ocr_line' id='line_1_21' title="bbox 293 3145 1704 3246; baseline 0.004 -31"><span class='ocrx_word' id='word_1_188' title='bbox 293 3153 423 3217; x_wconf 89' lang='lat' dir='ltr'>rentur.</span> <span class='ocrx_word' id='word_1_189' title='bbox 440 3145 525 3217; x_wconf 90' lang='lat' dir='ltr'>Cum</span> <span class='ocrx_word' id='word_1_190' title='bbox 537 3156 652 3220; x_wconf 92' lang='lat' dir='ltr'>autem</span> <span class='ocrx_word' id='word_1_191' title='bbox 667 3148 849 3222; x_wconf 86' lang='lat' dir='ltr'>admittere</span> <span class='ocrx_word' id='word_1_192' title='bbox 866 3151 1065 3246; x_wconf 89' lang='lat' dir='ltr'>supradicta</span> <span class='ocrx_word' id='word_1_193' title='bbox 1083 3149 1295 3245; x_wconf 87' lang='lat' dir='ltr'>imperialem</span> <span class='ocrx_word' id='word_1_194' title='bbox 1311 3149 1548 3221; x_wconf 83' lang='lat' dir='ltr'>excellentiam</span> <span class='ocrx_word' id='word_1_195' title='bbox 1565 3149 1704 3244; x_wconf 90' lang='lat' dir='ltr'>penitus</span> 
     </span>
     <span class='ocr_line' id='line_1_22' title="bbox 293 3269 1705 3370; baseline 0.005 -29"><span class='ocrx_word' id='word_1_196' title='bbox 293 3269 491 3362; x_wconf 89' lang='lat' dir='ltr'>dedeceret,</span> <span class='ocrx_word' id='word_1_197' title='bbox 519 3273 642 3344; x_wconf 89' lang='lat' dir='ltr'>maluit</span> <span class='ocrx_word' id='word_1_198' title='bbox 664 3273 730 3345; x_wconf 90' lang='lat' dir='ltr'>sibi</span> <span class='ocrx_word' id='word_1_199' title='bbox 758 3273 869 3347; x_wconf 89' lang='lat' dir='ltr'>illatas</span> <span class='ocrx_word' id='word_1_200' title='bbox 890 3273 1033 3369; x_wconf 89' lang='lat' dir='ltr'>injurias</span> <span class='ocrx_word' id='word_1_201' title='bbox 1051 3276 1220 3347; x_wconf 90' lang='lat' dir='ltr'>sustinere</span> <span class='ocrx_word' id='word_1_202' title='bbox 1237 3297 1341 3370; x_wconf 90' lang='lat' dir='ltr'>quam</span> <span class='ocrx_word' id='word_1_203' title='bbox 1360 3271 1406 3346; x_wconf 92' lang='lat' dir='ltr'>ad</span> <span class='ocrx_word' id='word_1_204' title='bbox 1428 3273 1705 3348; x_wconf 89' lang='lat' dir='ltr'>inconvenientia</span> 
     </span>
     <span class='ocr_line' id='line_1_23' title="bbox 293 3394 1706 3495; baseline 0.004 -29"><span class='ocrx_word' id='word_1_205' title='bbox 293 3394 438 3489; x_wconf 82' lang='lat' dir='ltr'>obligari</span> <span class='ocrx_word' id='word_1_206' title='bbox 463 3419 533 3491; x_wconf 89' lang='lat' dir='ltr'>que</span> <span class='ocrx_word' id='word_1_207' title='bbox 547 3399 708 3493; x_wconf 87' lang='lat' dir='ltr'>superius</span> <span class='ocrx_word' id='word_1_208' title='bbox 729 3407 811 3471; x_wconf 91' lang='lat' dir='ltr'>sunt</span> <span class='ocrx_word' id='word_1_209' title='bbox 826 3421 1003 3495; x_wconf 84' lang='lat' dir='ltr'>expressa.</span> <span class='ocrx_word' id='word_1_210' title='bbox 1022 3401 1113 3473; x_wconf 91' lang='lat' dir='ltr'>lnter</span> <span class='ocrx_word' id='word_1_211' title='bbox 1134 3401 1198 3472; x_wconf 90' lang='lat' dir='ltr'>bec</span> <span class='ocrx_word' id='word_1_212' title='bbox 1215 3399 1420 3471; x_wconf 91' lang='lat' dir='ltr'>venerabilis</span> <span class='ocrx_word' id='word_1_213' title='bbox 1438 3399 1706 3472; x_wconf 89' lang='lat' dir='ltr'>Hildesemensis</span> 
     </span>
     <span class='ocr_line' id='line_1_24' title="bbox 294 3517 1706 3620; baseline 0.006 -32"><span class='ocrx_word' id='word_1_214' title='bbox 294 3517 475 3614; x_wconf 87' lang='lat' dir='ltr'>episeopus</span> <span class='ocrx_word' id='word_1_215' title='bbox 489 3521 535 3594; x_wconf 89' lang='lat' dir='ltr'>ad</span> <span class='ocrx_word' id='word_1_216' title='bbox 552 3520 684 3595; x_wconf 89' lang='lat' dir='ltr'>domini</span> <span class='ocrx_word' id='word_1_217' title='bbox 699 3523 913 3618; x_wconf 90' lang='lat' dir='ltr'>imperatoris</span> <span class='ocrx_word' id='word_1_218' title='bbox 930 3525 1126 3597; x_wconf 89' lang='lat' dir='ltr'>instantiam</span> <span class='ocrx_word' id='word_1_219' title='bbox 1142 3523 1310 3620; x_wconf 81' lang='lat' dir='ltr'>produxit</span> <span class='ocrx_word' id='word_1_220' title='bbox 1329 3523 1365 3594; x_wconf 91' lang='lat' dir='ltr'>in</span> <span class='ocrx_word' id='word_1_221' title='bbox 1378 3522 1557 3617; x_wconf 92' lang='lat' dir='ltr'>publicum</span> <span class='ocrx_word' id='word_1_222' title='bbox 1575 3522 1706 3596; x_wconf 89' lang='lat' dir='ltr'>domini</span> 
     </span>
     <span class='ocr_line' id='line_1_25' title="bbox 293 3641 1708 3745; baseline 0.006 -31"><span class='ocrx_word' id='word_1_223' title='bbox 293 3641 384 3738; x_wconf 88' lang='lat' dir='ltr'>Papo</span> <span class='ocrx_word' id='word_1_224' title='bbox 405 3644 540 3736; x_wconf 89' lang='lat' dir='ltr'>literas,</span> <span class='ocrx_word' id='word_1_225' title='bbox 565 3647 601 3717; x_wconf 91' lang='lat' dir='ltr'>in</span> <span class='ocrx_word' id='word_1_226' title='bbox 619 3646 748 3740; x_wconf 87' lang='lat' dir='ltr'>quibus</span> <span class='ocrx_word' id='word_1_227' title='bbox 764 3649 1003 3722; x_wconf 86' lang='lat' dir='ltr'>continebatur</span> <span class='ocrx_word' id='word_1_228' title='bbox 1020 3671 1184 3745; x_wconf 83' lang='lat' dir='ltr'>expresse</span> <span class='ocrx_word' id='word_1_229' title='bbox 1200 3648 1296 3743; x_wconf 94' lang='lat' dir='ltr'>quod</span> <span class='ocrx_word' id='word_1_230' title='bbox 1313 3648 1349 3720; x_wconf 93' lang='lat' dir='ltr'>in</span> <span class='ocrx_word' id='word_1_231' title='bbox 1367 3649 1519 3720; x_wconf 82' lang='lat' dir='ltr'>favorem</span> <span class='ocrx_word' id='word_1_232' title='bbox 1541 3669 1583 3720; x_wconf 92' lang='lat' dir='ltr'>ac</span> <span class='ocrx_word' id='word_1_233' title='bbox 1603 3670 1708 3722; x_wconf 92' lang='lat' dir='ltr'>reve-</span> 
     </span>
     <span class='ocr_line' id='line_1_26' title="bbox 294 3767 1708 3870; baseline 0.007 -32"><span class='ocrx_word' id='word_1_234' title='bbox 294 3767 437 3840; x_wconf 91' lang='lat' dir='ltr'>rentiam</span> <span class='ocrx_word' id='word_1_235' title='bbox 451 3769 563 3842; x_wconf 89' lang='lat' dir='ltr'>crucis</span> <span class='ocrx_word' id='word_1_236' title='bbox 578 3771 700 3843; x_wconf 86' lang='lat' dir='ltr'>Christi</span> <span class='ocrx_word' id='word_1_237' title='bbox 717 3771 879 3845; x_wconf 90' lang='lat' dir='ltr'>dominus</span> <span class='ocrx_word' id='word_1_238' title='bbox 889 3773 982 3870; x_wconf 92' lang='lat' dir='ltr'>Papa</span> <span class='ocrx_word' id='word_1_239' title='bbox 994 3775 1203 3870; x_wconf 85' lang='lat' dir='ltr'>suscipiebat</span> <span class='ocrx_word' id='word_1_240' title='bbox 1214 3774 1282 3847; x_wconf 94' lang='lat' dir='ltr'>sub</span> <span class='ocrx_word' id='word_1_241' title='bbox 1293 3773 1384 3846; x_wconf 87' lang='lat' dir='ltr'>beati</span> <span class='ocrx_word' id='word_1_242' title='bbox 1395 3773 1484 3848; x_wconf 89' lang='lat' dir='ltr'>Petri</span> <span class='ocrx_word' id='word_1_243' title='bbox 1498 3775 1708 3869; x_wconf 88' lang='lat' dir='ltr'>protectione</span> 
     </span>
     <span class='ocr_line' id='line_1_27' title="bbox 295 3895 1708 3995; baseline 0.005 -30"><span class='ocrx_word' id='word_1_244' title='bbox 295 3903 330 3965; x_wconf 89' lang='lat' dir='ltr'>et</span> <span class='ocrx_word' id='word_1_245' title='bbox 348 3915 413 3968; x_wconf 87' lang='lat' dir='ltr'>sua</span> <span class='ocrx_word' id='word_1_246' title='bbox 432 3895 548 3991; x_wconf 89' lang='lat' dir='ltr'>ipsum</span> <span class='ocrx_word' id='word_1_247' title='bbox 561 3896 743 3970; x_wconf 90' lang='lat' dir='ltr'>dominum</span> <span class='ocrx_word' id='word_1_248' title='bbox 756 3898 997 3994; x_wconf 91' lang='lat' dir='ltr'>imperatorem</span> <span class='ocrx_word' id='word_1_249' title='bbox 1013 3919 1054 3972; x_wconf 89' lang='lat' dir='ltr'>ac</span> <span class='ocrx_word' id='word_1_250' title='bbox 1069 3899 1178 3971; x_wconf 86' lang='lat' dir='ltr'>tilium</span> <span class='ocrx_word' id='word_1_251' title='bbox 1193 3901 1281 3993; x_wconf 86' lang='lat' dir='ltr'>ejus,</span> <span class='ocrx_word' id='word_1_252' title='bbox 1299 3899 1459 3992; x_wconf 91' lang='lat' dir='ltr'>honores,</span> <span class='ocrx_word' id='word_1_253' title='bbox 1476 3902 1556 3992; x_wconf 87' lang='lat' dir='ltr'>juro</span> <span class='ocrx_word' id='word_1_254' title='bbox 1572 3899 1708 3995; x_wconf 88' lang='lat' dir='ltr'>imperii</span> 
     </span>
     <span class='ocr_line' id='line_1_28' title="bbox 295 4019 1708 4120; baseline 0.006 -30"><span class='ocrx_word' id='word_1_255' title='bbox 295 4025 399 4112; x_wconf 88' lang='lat' dir='ltr'>atque</span> <span class='ocrx_word' id='word_1_256' title='bbox 417 4019 536 4114; x_wconf 81' lang='lat' dir='ltr'>regni,</span> <span class='ocrx_word' id='word_1_257' title='bbox 557 4021 741 4117; x_wconf 88' lang='lat' dir='ltr'>eidemque</span> <span class='ocrx_word' id='word_1_258' title='bbox 762 4022 904 4098; x_wconf 91' lang='lat' dir='ltr'>domino</span> <span class='ocrx_word' id='word_1_259' title='bbox 920 4025 1081 4120; x_wconf 86' lang='lat' dir='ltr'>episcopo</span> <span class='ocrx_word' id='word_1_260' title='bbox 1101 4025 1243 4097; x_wconf 87' lang='lat' dir='ltr'>tirmiter</span> <span class='ocrx_word' id='word_1_261' title='bbox 1255 4023 1459 4119; x_wconf 79' lang='lat' dir='ltr'>injungebat</span> <span class='ocrx_word' id='word_1_262' title='bbox 1475 4034 1515 4096; x_wconf 90' lang='lat' dir='ltr'>ut</span> <span class='ocrx_word' id='word_1_263' title='bbox 1531 4025 1708 4119; x_wconf 91' lang='lat' dir='ltr'>quotiens-</span> 
     </span>
     <span class='ocr_line' id='line_1_29' title="bbox 295 4145 1709 4245; baseline 0.009 -32"><span class='ocrx_word' id='word_1_264' title='bbox 295 4161 445 4238; x_wconf 92' lang='lat' dir='ltr'>cumque</span> <span class='ocrx_word' id='word_1_265' title='bbox 460 4145 547 4218; x_wconf 86' lang='lat' dir='ltr'>toret</span> <span class='ocrx_word' id='word_1_266' title='bbox 558 4167 662 4242; x_wconf 85' lang='lat' dir='ltr'>super</span> <span class='ocrx_word' id='word_1_267' title='bbox 679 4147 745 4220; x_wconf 91' lang='lat' dir='ltr'>boe</span> <span class='ocrx_word' id='word_1_268' title='bbox 757 4149 956 4244; x_wconf 91' lang='lat' dir='ltr'>requisitus,</span> <span class='ocrx_word' id='word_1_269' title='bbox 973 4149 1159 4223; x_wconf 92' lang='lat' dir='ltr'>monitione</span> <span class='ocrx_word' id='word_1_270' title='bbox 1173 4149 1352 4245; x_wconf 87' lang='lat' dir='ltr'>premissa,</span> <span class='ocrx_word' id='word_1_271' title='bbox 1369 4171 1514 4223; x_wconf 88' lang='lat' dir='ltr'>censura</span> <span class='ocrx_word' id='word_1_272' title='bbox 1527 4150 1709 4226; x_wconf 89' lang='lat' dir='ltr'>ecclesias·</span> 
     </span>
     <span class='ocr_line' id='line_1_30' title="bbox 295 4266 1704 4373; baseline 0.011 -37"><span class='ocrx_word' id='word_1_273' title='bbox 295 4266 1063 4371; x_wconf 87' lang='lat' dir='ltr'>ticacoherceretperturbutoresimperialium</span> <span class='ocrx_word' id='word_1_274' title='bbox 1072 4275 1204 4368; x_wconf 91' lang='lat' dir='ltr'>jurium</span> <span class='ocrx_word' id='word_1_275' title='bbox 1213 4285 1248 4349; x_wconf 89' lang='lat' dir='ltr'>et</span> <span class='ocrx_word' id='word_1_276' title='bbox 1259 4269 1704 4373; x_wconf 81' lang='lat' dir='ltr'>bonorumUndeanobis,</span> 
     </span>
     <span class='ocr_line' id='line_1_31' title="bbox 296 4394 1706 4497; baseline 0.01 -36"><span class='ocrx_word' id='word_1_277' title='bbox 296 4399 460 4486; x_wconf 92' lang='lat' dir='ltr'>tanquam</span> <span class='ocrx_word' id='word_1_278' title='bbox 476 4394 531 4468; x_wconf 90' lang='lat' dir='ltr'>vir</span> <span class='ocrx_word' id='word_1_279' title='bbox 547 4395 717 4491; x_wconf 83' lang='lat' dir='ltr'>providus</span> <span class='ocrx_word' id='word_1_280' title='bbox 734 4407 769 4470; x_wconf 93' lang='lat' dir='ltr'>et</span> <span class='ocrx_word' id='word_1_281' title='bbox 785 4399 969 4490; x_wconf 90' lang='lat' dir='ltr'>discretus,</span> <span class='ocrx_word' id='word_1_282' title='bbox 990 4401 1169 4473; x_wconf 90' lang='lat' dir='ltr'>consilium</span> <span class='ocrx_word' id='word_1_283' title='bbox 1192 4400 1387 4497; x_wconf 89' lang='lat' dir='ltr'>postulabat</span> <span class='ocrx_word' id='word_1_284' title='bbox 1409 4397 1574 4474; x_wconf 87' lang='lat' dir='ltr'>instanter</span> <span class='ocrx_word' id='word_1_285' title='bbox 1590 4410 1706 4475; x_wconf 90' lang='lat' dir='ltr'>utrum</span> 
     </span>
     <span class='ocr_line' id='line_1_32' title="bbox 296 4520 1709 4622; baseline 0.008 -34"><span class='ocrx_word' id='word_1_286' title='bbox 296 4525 432 4611; x_wconf 91' lang='lat' dir='ltr'>propter</span> <span class='ocrx_word' id='word_1_287' title='bbox 443 4520 668 4614; x_wconf 85' lang='lat' dir='ltr'>precedentes</span> <span class='ocrx_word' id='word_1_288' title='bbox 679 4523 826 4615; x_wconf 90' lang='lat' dir='ltr'>injurias</span> <span class='ocrx_word' id='word_1_289' title='bbox 840 4535 874 4598; x_wconf 90' lang='lat' dir='ltr'>et</span> <span class='ocrx_word' id='word_1_290' title='bbox 887 4523 1036 4600; x_wconf 83' lang='lat' dir='ltr'>offensas</span> <span class='ocrx_word' id='word_1_291' title='bbox 1052 4527 1087 4596; x_wconf 92' lang='lat' dir='ltr'>in</span> <span class='ocrx_word' id='word_1_292' title='bbox 1106 4525 1709 4622; x_wconf 87' lang='lat' dir='ltr'>prelatoslombardosanimadver-</span> 
     </span>
    </p>
   </div>
   <div class='ocr_carea' id='block_1_3' title="bbox 339 4777 1067 4860">
    <p class='ocr_par' dir='ltr' id='par_1_3' title="bbox 339 4777 1067 4860">
     <span class='ocr_line' id='line_1_33' title="bbox 339 4777 1067 4860; baseline 0.015 -16"><span class='ocrx_word' id='word_1_293' title='bbox 339 4777 382 4860; x_wconf 80' lang='lat' dir='ltr'>(a)</span> <span class='ocrx_word' id='word_1_294' title='bbox 403 4779 492 4845; x_wconf 80' lang='lat' dir='ltr'>Deest</span> <span class='ocrx_word' id='word_1_295' title='bbox 504 4801 598 4848; x_wconf 93' lang='lat' dir='ltr'>unum</span> <span class='ocrx_word' id='word_1_296' title='bbox 610 4789 733 4853; x_wconf 90' lang='lat' dir='ltr'>verbum</span> <span class='ocrx_word' id='word_1_297' title='bbox 749 4811 757 4852; x_wconf 81' lang='lat' dir='ltr'>r</span> <span class='ocrx_word' id='word_1_298' title='bbox 773 4791 896 4856; x_wconf 75' lang='lat' dir='ltr'>locasse</span> <span class='ocrx_word' id='word_1_299' title='bbox 910 4803 1067 4857; x_wconf 79' lang='lat' dir='ltr'>annuerat.</span> 
     </span>
    </p>
   </div>
   <div class='ocr_carea' id='block_1_4' title="bbox 0 0 2257 5908">
    <p class='ocr_par' dir='ltr' id='par_1_4' title="bbox 0 0 2257 5908">
     <span class='ocr_line' id='line_1_34' title="bbox 0 0 2257 5908; baseline 0 0"><span class='ocrx_word' id='word_1_300' title='bbox 0 0 2257 5908; x_wconf 95' lang='lat' dir='ltr'> </span> 
     </span>
    </p>
   </div>
  </div>
 </body>
</html>
