4326 5910
577 571 644 634 ΒΩ
1098 579 1269 643 nnnstct
1294 583 1463 645 ssenttn
1525 645 1526 650 ,
1801 585 1879 665 [dn.
1896 588 1970 650 ΜΞ

577 707 719 782 diceret.
737 709 812 794 Quo
829 711 991 788 videlicet
1016 737 1135 788 socrus
1159 717 1273 814 ipsum
1298 720 1412 794 eidem
1433 719 1594 792 Heinrico
1616 740 1695 792 cnm
1714 718 1789 795 titia
1811 723 1970 818 qnondam

574 855 639 907 sua
657 834 704 906 ita
726 837 998 933 contradiderat,
1023 849 1063 914 nt
1079 842 1156 938 ipse
1173 845 1355 919 Heinricns
1372 846 1479 919 libere
1497 853 1532 918 et
1550 844 1708 920 absolute
1723 847 1847 921 codem
1864 849 1971 945 predio
2118 817 2119 882 ἒ

572 982 635 1058 pro
655 961 796 1036 arbitrio
818 985 883 1038 sno
903 974 1020 1062 posset
1037 967 1088 1039 nti
1109 976 1146 1042 ct
1161 966 1208 1042 de
1222 990 1264 1044 eo
1284 969 1471 1068 disponere
1489 991 1709 1068 quecumque
1724 973 1831 1047 veliet
1853 975 1970 1070 amque

570 1105 689 1158 socrum
706 1088 986 1164 contradictione.
1011 1091 1112 1167 Unde
1132 1101 1167 1166 et
1184 1093 1261 1190 ipsa
1284 1094 1424 1169 tandem
1450 1116 1548 1169 casse
1569 1095 1849 1171 contradictionis
1869 1099 1970 1196 impe-
2118 1127 2119 1132 ¹

570 1210 763 1285 dimentum
797 1213 894 1309 qnod
928 1216 1131 1292 obtenderet
1156 1220 1376 1314 relinquens,
1404 1221 1441 1293 in
1474 1229 1626 1294 nostram
1653 1223 1749 1294 venit
1777 1223 1968 1320 presentiam

569 1338 676 1410 Hatiis
694 1347 729 1412 et
746 1338 876 1414 ibidem
893 1361 1008 1416 coram
1025 1344 1126 1418 nobis
1143 1347 1299 1420 confessa
1313 1345 1475 1441 estquod
1491 1347 1737 1420 monesterium
1757 1357 1793 1421 et
1818 1369 1968 1442 generum

568 1462 722 1538 indebite
750 1465 1010 1562 inquietaverit,
1036 1491 1078 1542 ac
1098 1470 1244 1566 pristine
1267 1471 1528 1546 contradictioni
1553 1479 1657 1568 atque
1684 1472 1894 1569 impeticioni
1913 1495 1968 1546 sue

567 1609 708 1685 prorsus
735 1589 913 1666 abdicavit
943 1603 978 1666 et
1007 1595 1240 1688 renunciavit;
1267 1597 1387 1692 sicque
1415 1597 1509 1672 omni
1543 1597 1790 1694 impedimento
1816 1599 1902 1672 iacto
1927 1598 1965 1672 de
2118 1623 2119 1638 ¹

567 1715 700 1806 medio,
722 1717 867 1812 predicti
893 1719 1002 1791 abbas
1026 1729 1061 1792 et
1083 1720 1264 1794 Heinricns
1282 1721 1318 1794 in
1341 1721 1417 1818 ipso
1434 1729 1615 1797 contractu
1640 1723 1705 1798 rite
1728 1733 1963 1820 processerunt.

565 1839 621 1914 Ad
638 1842 743 1935 bnjus
760 1843 866 1938 igitur
886 1845 1098 1919 rationabilis
1114 1847 1195 1920 iacti
1213 1846 1506 1922 confirmationem
1529 1857 1563 1922 et
1585 1849 1662 1942 ejus
1679 1849 1889 1945 perhennem
1905 1869 1967 1921 me·

566 1965 724 2062 moriam,
744 1971 906 2066 paginam
929 1971 1020 2044 hanc
1042 1971 1211 2044 conscribi
1231 1972 1399 2066 jussimus
1427 1982 1463 2045 et
1488 1981 1603 2046 nostro
1627 1973 1742 2068 sigilio
1760 1971 1963 2063 communiri,

566 2095 768 2170 auctoritate
784 2097 880 2192 regia
903 2105 1092 2170 statuentes
1115 2105 1150 2170 et
1175 2097 1242 2171 snb
1261 2097 1540 2172 interminatione
1561 2097 1672 2193 gratie
1694 2109 1812 2172 nostre
1828 2097 1966 2172 districte

565 2221 793 2316 precipientes
809 2231 849 2296 ut
872 2223 969 2296 nulla
988 2244 1144 2318 unquam
1169 2244 1316 2319 persona
1335 2233 1454 2298 contra
1475 2226 1605 2298 facturn
1628 2224 1696 2300 boo
1715 2225 1834 2321 atiquo
1849 2225 1963 2320 impro-

565 2344 682 2418 bitatis
701 2367 790 2418 ausu
808 2347 928 2421 venire
947 2357 1132 2443 presumat.
2118 2327 2119 2404 i

613 2471 726 2563 Hujus
738 2472 788 2545 rei
805 2481 909 2547 testes
922 2483 1004 2546 sunt
1014 2475 1233 2571 Engitbortus
1246 2473 1526 2572 archiepiscopus
1539 2475 1768 2566 Coloniensis‚
1783 2475 1963 2552 Gerbardns
2118 2517 2119 2570 3

563 2615 678 2669 eomes
697 2595 743 2670 de
767 2596 881 2692 Diets,
910 2598 1073 2674 Gerlacus
1091 2601 1136 2676 de
1153 2599 1369 2696 Bnthingcn,
1389 2599 1551 2676 Albertns
1571 2602 1617 2677 de
1645 2603 1775 2696 Alvelt,
1799 2601 1963 2676 Cunradus
2118 2659 2119 2664 a

561 2719 606 2794 de
629 2721 828 2818 Winsperc,
860 2725 1034 2800 Waltcrns
1070 2725 1115 2802 de
1153 2727 1354 2818 Hombnrc,
1390 2727 1584 2802 Fridericus
1611 2735 1647 2802 et
1676 2727 1856 2802 Heinricus
1883 2729 1961 2800 Enza

559 2835 680 2922 fratres
698 2848 744 2923 de
769 2849 928 2945 Bilrieth,
953 2851 1126 2926 Wolterus
1151 2851 1266 2927 Bacho
1284 2851 1330 2928 de
1353 2853 1564 2950 Thetingen,
1591 2850 1797 2949 liudegerus
1823 2854 1866 2927 de
1887 2854 1961 2926 Her·

557 2975 725 3068 lohusen,
751 2976 973 3053 Burcbardus
997 2977 1044 3054 de
1067 2979 1334 3074 Wagenhoren,
1361 2980 1508 3072 milites;
1533 2983 1716 3076 Rnggerns
1738 2981 1900 3054 scultetos
1921 2976 1959 3050 de

556 3101 665 3174 Huliis
682 3111 717 3176 et
734 3101 798 3176 filii
821 3104 898 3196 ejus
914 3104 1096 3200 Ruggerns
1115 3113 1148 3178 et
1165 3103 1366 3194 Heinricus,
1390 3105 1585 3180 Fridericus
1608 3108 1725 3180 Senex
1749 3107 1909 3180 scultetus
1929 3111 1960 3174 et

557 3225 619 3301 filii
647 3228 725 3320 ejus
750 3227 946 3304 Fridericus
973 3239 1009 3304 et
1039 3229 1283 3323 Burcbardus,
1312 3232 1551 3320 dermannus,
1573 3232 1777 3325 Heiminus,
1803 3231 1958 3305 Walterns

555 3352 617 3426 filii
635 3353 780 3428 domine
797 3357 932 3449 Berlen,
954 3356 1135 3430 Heinricns
1153 3365 1188 3430 et
1199 3356 1421 3431 Burcbardus
1444 3358 1630 3432 Ummazen
1645 3355 1698 3454 (t)
1714 3358 1852 3448 traua,
1870 3353 1958 3426 Wri-

556 3499 692 3574 ounus,
713 3481 965 3574 Erkenbertns,
991 3481 1173 3558 Conradus
1197 3481 1243 3558 de
1266 3482 1533 3576 Dinkeisbnbel,
1563 3483 1756 3579 burgenses
1783 3485 1819 3558 in
1842 3477 1954 3567 mltis,

557 3613 591 3677 et
603 3606 707 3678 ceteri
723 3609 959 3704 quamplures.

604 3733 729 3806 Datum
751 3735 787 3808 in
818 3736 946 3827 Hallis,
976 3756 1068 3810 anno
1092 3734 1266 3809 dominice
1287 3734 1534 3810 incamaticnis
1554 3735 1603 3812 bi⁰
1617 3735 1682 3810 CC'
1700 3735 1821 3828 XXV0,
1846 3736 1956 3828 qundo

557 3856 724 3933 kalendas
740 3860 838 3954 maii,
860 3859 1048 3936 indictione
1066 3859 1320 3936 terciodecima.

363 4411 512 4520 effi,
608 4403 814 4512 Henrious,
851 4401 1111 4486 Romanorum
1151 4425 1241 4507 ren,
1279 4407 1508 4485 conuentum
1541 4409 1580 4483 et
1614 4397 1880 4484 monasterium
1909 4387 1951 4471 de

385 4522 410 4565 21
422 4523 484 4567 mdl-

591 4671 629 4746 (t)
647 4670 694 4729 Isti
705 4676 795 4728 anum
806 4669 905 4728 rectius
918 4667 950 4727 dc
967 4671 1095 4728 dranum
1108 4666 1234 4743 appellari
1246 4665 1389 4740 deberem,
1404 4667 1451 4742 qui
1462 4683 1525 4725 cum
1537 4667 1590 4726 hoo
1602 4665 1759 4742 cognomine
1770 4669 1801 4725 ut
1810 4660 1949 4724 furmure

554 4769 634 4828 unius
648 4768 677 4826 in
689 4768 773 4828 italiis
786 4768 906 4846 capellae
917 4775 1108 4828 memorantur.
1120 4767 1179 4828 Vid.
1189 4765 1394 4838 statutarum,
1407 4765 1511 4826 fluor.
1524 4765 1659 4840 saum,
1673 4767 1691 4840 ς
1704 4769 1749 4828 et.
