4466 5914
524 537 586 600 662
1025 539 1238 602 FlllllElllCl
1263 540 1437 601 SEcUttltl
1461 533 1463 536 ’
1526 574 1542 616 4
1748 537 1829 620 [arr.
1849 539 1937 603 lm

530 673 720 748 marchioni
737 671 884 768 pertinet
900 673 957 745 vel
975 695 1036 768 per
1051 697 1154 746 suum
1169 675 1357 770 genitorem
1371 675 1405 746 ei
1420 673 1589 770 pervenit.
1608 673 1805 746 statuentes
1821 673 1940 770 itaque

530 799 673 872 firmiter
690 797 899 894 precipimus
919 797 1014 892 quod
1038 800 1133 872 nulla
1162 821 1307 895 persona
1325 820 1451 894 magna
1473 797 1531 872 vel
1550 819 1658 892 parva
1681 796 1808 870 haheat
1825 807 1938 894 potes·

529 932 633 998 tatem
652 922 791 1018 petendi
809 923 867 994 uel
885 921 1034 995 faciendi
1052 923 1088 995 in
1106 924 1236 1019 prelata
1252 923 1407 998 marchia
1424 931 1459 996 et
1476 922 1617 996 civitate
1634 929 1669 994 et
1686 921 1888 1017 episcopatu
1906 931 1939 996 et

530 1049 567 1120 iu
585 1047 746 1120 omuibus
767 1046 974 1119 marchionis
992 1049 1264 1142 possessionibus
1286 1070 1357 1143 que
1380 1047 1412 1120 ei
1438 1047 1609 1143 portinent
1626 1046 1682 1119 vel
1700 1046 1938 1142 pertinuerunt

529 1193 576 1246 ex
589 1180 686 1268 parto
704 1171 810 1268 patris
828 1171 882 1243 sui
901 1173 957 1245 vel
975 1172 1134 1266 aliunde,
1153 1195 1362 1268 quocunque
1378 1172 1483 1246 modo
1501 1171 1570 1245 dici
1586 1171 1644 1244 vel
1663 1171 1833 1244 nominari
1853 1193 1937 1268 pos·

528 1307 628 1389 suut,
650 1298 715 1370 nisi
732 1297 826 1370 solus
843 1297 995 1370 marchio
1007 1299 1174 1374 Henricus
1188 1308 1222 1374 et
1235 1301 1291 1373 sui
1304 1297 1462 1372 heredes.
1481 1297 1610 1370 Omnes
1624 1296 1729 1370 etiam
1741 1297 1818 1369 illos
1832 1295 1937 1393 peda·

529 1422 605 1517 gius
627 1431 661 1494 et
683 1421 792 1494 bonos
810 1442 895 1493 usus
910 1443 998 1516 quos
1015 1423 1080 1516 ipsi
1099 1423 1192 1497 cives
1209 1423 1365 1498 miserint
1382 1431 1417 1496 et
1433 1443 1523 1516 quos
1538 1420 1692 1494 marchio
1709 1419 1757 1494 ad
1774 1420 1936 1496 honorem

529 1545 664 1638 imperii
684 1544 851 1640 potuerit,
876 1545 1097 1620 concedimus
1121 1556 1156 1620 et
1180 1545 1424 1620 confirmamus
1446 1547 1576 1641 prefato
1602 1544 1810 1637 marchioni,
1834 1545 1938 1620 salvis

529 1669 691 1744 omnihus
703 1669 853 1743 servitiis
866 1691 936 1764 que
948 1670 1124 1766 predictus
1135 1671 1289 1744 marchio
1299 1672 1468 1746 Henricus
1480 1670 1624 1766 imperio
1638 1669 1754 1744 dohet.
1769 1672 1937 1764 -Hujus

528 1805 645 1868 autem
674 1795 904 1868 concessionis
930 1803 965 1868 et
991 1795 1258 1870 confirmationis
1282 1805 1388 1870 testes
1412 1805 1494 1868 sunt
1516 1793 1705 1868 lleinaldus
1728 1794 1939 1868 Coloniensis

528 1921 673 2012 electus,
708 1920 877 1994 Henricus
908 1920 1105 1994 Leodiensis
1138 1921 1339 2018 episcopus,
1374 1919 1529 1994 Odienus
1555 1917 1605 2017 (o)
1635 1919 1833 1992 Basilicnsis
1864 1920 1936 2014 epi·

529 2067 671 2142 scopus,
693 2046 909 2117 Hermannus
926 2043 1192 2118 (costantiensis
1209 2046 1409 2142 episeopus,
1427 2046 1492 2118 Uto
1508 2042 1648 2140 (Oddo)
1665 2045 1938 2140 Numburgensis

530 2169 730 2265 episcopus,
747 2170 963 2242 Hermannus
976 2167 1200 2244 Hildesiensis
1211 2171 1407 2266 episcopus,
1424 2169 1649 2243 Gasendonus
1666 2167 1715 2264 (b)
1732 2169 1940 2242 Mantuanus

530 2293 727 2389 opiscopus,
742 2291 923 2366 Uldaricus
936 2291 1122 2387 Aegiensis
1139 2295 1260 2387 abhas,
1275 2296 1466 2368 Hermauus
1485 2289 1738 2367 Hersleldensis
1752 2292 1797 2388 (c)
1814 2293 1934 2384 abhas,

530 2416 696 2488 Henricus
709 2416 1003 2512 prothonotarius‚
1023 2417 1206 2491 Anselmus
1219 2417 1373 2492 Asteusis
1391 2418 1593 2514 episcopus,
1610 2415 1778 2489 Ricardus
1792 2417 1843 2513 (d)
1857 2418 1936 2492 Par·

529 2541 658 2614 mensis
678 2540 876 2637 episcopus,
901 2541 997 2614 Sirus
1020 2542 1198 2638 Papiensis
1217 2543 1416 2639 episcopus,
1439 2541 1612 2636 Aquensis
1632 2541 1834 2636 spiscopus,
1856 2543 1936 2614 'lor-

529 2664 694 2738 dunensis
711 2664 756 2762 (e)
776 2666 1005 2761 [episcopus],
1028 2665 1204 2740 Corradus
1223 2667 1394 2763 palatinus
1408 2687 1532 2740 eomes
1552 2664 1664 2738 Rheni
1683 2667 1786 2738 irater
1806 2665 1936 2740 domini

529 2788 762 2884 imperatoris,
788 2790 954 2863 Honricus
984 2789 1059 2862 dux
1084 2791 1223 2865 Austris
1256 2799 1400 2888 patruus
1432 2789 1563 2864 domini
1599 2789 1829 2884 imperatoris,
1861 2791 1938 2862 Otto

529 2911 700 3009 palatinus
718 2935 832 2988 eomes
855 2914 901 2988 de
918 2915 1216 3006 Wintelueshach,
1237 2915 1468 2990 Theodericus
1485 2914 1654 3006 marchio,
1674 2935 1792 2988 comes
1810 2913 1934 3005 Thale,

530 3057 646 3110 comes
662 3036 823 3112 Alhertus
841 3038 886 3110 de
903 3039 1071 3130 Saxonis,
1091 3061 1206 3113 eomes
1220 3038 1423 3133 liudolphus
1446 3036 1491 3112 do
1510 3037 1712 3113 Fulieudors
1738 3036 1800 3134 (t),
1823 3057 1939 3111 comes

530 3161 663 3234 Ulrious
688 3162 733 3235 de
759 3161 944 3254 Lunehurg
966 3161 1030 3256 (9),
1052 3183 1166 3236 comes
1186 3162 1328 3236 Emicho
1346 3163 1417 3259 (h),
1441 3160 1637 3236 Burcardus
1660 3163 1865 3236 castellanus
1893 3159 1939 3234 de

529 3285 761 3380 Magdehurg‚
790 3284 1005 3358 Guillielmus
1037 3285 1189 3358 marchio
1221 3287 1480 3376 llloutisierrati,
1514 3285 1668 3358 marchio
1698 3286 1829 3382 Oppino
1860 3285 1940 3359 Mu·

529 3408 680 3502 laspina‚
702 3429 817 3480 comes
836 3407 927 3481 Vido
950 3408 995 3482 de
1015 3408 1209 3503 Blaudrato‚
1225 3410 1398 3485 Garardus
1421 3409 1467 3486 de
1483 3410 1711 3505 Brugeuhurg
1729 3407 1768 3506 (c)
1785 3419 1821 3484 et
1842 3410 1939 3482 llar-

571 3591 613 3671 (u)
636 3593 672 3654 In
686 3593 776 3655 altero
789 3595 957 3656 Frlderiell
974 3597 1132 3676 diplomate
1149 3599 1205 3660 sub
1225 3601 1302 3660 uotis
1321 3597 1534 3677 chronologicis
1556 3597 1667 3660 eisdem
1683 3595 1747 3676 (ap.
1760 3597 1938 3669 Muuaron„

528 3695 629 3781 Antiq.
649 3697 732 3780 Ital,
750 3707 774 3762 t.
792 3703 844 3777 tv,
863 3720 892 3780 p.
908 3707 982 3778 256)
1002 3705 1111 3783 legltur
1123 3701 1245 3766 Hordicl
1257 3703 1445 3786 (melchom
1461 3721 1509 3782 ap.
1525 3705 1679 3781 Douour,
1698 3705 1787 3786 corpo
1806 3699 1942 3784 delatos,

528 3812 553 3868 t.
567 3809 600 3888 Ι,
615 3825 646 3886 p.
660 3815 731 3888 295,
747 3807 878 3872 Ordicur.

572 3910 610 3992 (b)
635 3913 695 3992 Ap.
714 3915 856 3977 Muratori
877 3914 1100 3982 Gurrettdouiw.

571 4019 608 4098 (e)
635 4020 692 4098 Ap.
708 4021 807 4102 Lirnlg
819 4021 1015 4103 Seserdcmir;
1028 4043 1077 4104 op.
1092 4027 1237 4088 Muratorl
1248 4022 1475 4106 Bamjeldcuris,
1487 4024 1574 4088 ambo
1585 4025 1671 4088 male.

573 4123 615 4204 (d)
636 4126 718 4188 Altus
732 4132 830 4190 tamen
842 4127 986 4192 acardus
999 4148 1051 4194 seu
1060 4131 1221 4212 Ayourdut.

574 4230 611 4309 (a)
639 4234 727 4310 Apud
739 4233 838 4314 Limig
853 4235 1056 4311 cordosensis,
1073 4241 1182 4300 omissa
1193 4256 1266 4302 voce
1279 4239 1432 4321 episcopos.

572 4335 619 4417 U)
638 4337 693 4416 Ap.
708 4339 852 4403 Muratorl
863 4339 1054 4421 Phuhudore,
1069 4347 1265 4408 verlslmlllter
1280 4345 1473 4430 Psullcodorf.

576 4440 615 4524 (9)
639 4443 755 4507 Ibidem
772 4445 806 4506 dc
820 4447 1006 4526 landohic&
1022 4449 1230 4532 aplllurrour,
1244 4451 1280 4514 de
1291 4451 1465 4516 [calebroc.

576 4546 616 4629 (la)
641 4549 698 4628 Ap.
712 4551 940 4634 migliarius,
958 4561 1090 4636 pessime.

574 4655 618 4736 (i)
638 4655 696 4736 Ap.
709 4659 851 4724 Muratorl
863 4661 1024 4728 Gebecrdm
1036 4663 1071 4726 dc
1082 4665 1302 4752 Luoqcmhcrqe.
