4324 5916
200 619 301 680 lunser.
319 614 379 694 ld]
649 606 844 670 HISTORIA
866 603 1161 668 ulrnonenlct.
1551 603 1611 666 867

200 763 236 828 et
253 772 357 826 omno
378 749 523 822 bonum.
542 746 669 820 Notum
684 745 938 818 essevolumus
958 742 1130 814 universis
1151 741 1248 836 quod
1269 762 1332 815 nos
1352 741 1610 838 adpetitionem

129 841 133 850 .
201 876 318 952 dilecti
334 873 446 948 tidelis
459 871 565 944 nostri
582 868 768 942 Hermanni
786 867 994 940 venerabilis
1010 868 1227 962 Torpateosis
1245 867 1410 962 episcopi,
1425 866 1611 940 marchiam

203 1024 309 1076 unam
327 1021 389 1096 per
408 1007 517 1070 totum
532 997 609 1088 ejus
627 994 874 1089 episcopatum,
894 1013 955 1088 per
968 992 1032 1065 has
1047 991 1209 1066 videlicet
1233 991 1428 1087 provincias
1447 991 1611 1086 Ugenois,

201 1125 349 1219 Weigel,
370 1123 540 1209 Sobolitz,
563 1121 716 1210 Saccale,
738 1119 864 1210 Molle,
887 1117 1074 1207 Alumbus,
1092 1115 1356 1211 Nurmegunde,
1374 1116 1614 1190 constituimus

202 1262 237 1324 et
260 1247 422 1324 eumdem
440 1247 472 1320 ei
490 1245 722 1342 principatum
739 1244 818 1336 jore
837 1243 983 1316 eliorum
1006 1241 1201 1337 principum
1221 1241 1469 1328 concessimus,
1494 1241 1616 1316 dantes

206 1377 238 1450 ei
257 1374 497 1449 authoritatem
522 1379 693 1444 monetam
719 1367 866 1442 faciendi
893 1389 935 1441 ec
961 1365 1131 1440 fundandi
1150 1365 1324 1440 civitatem
1353 1367 1388 1438 in
1414 1367 1561 1441 Terbato
1581 1377 1616 1442 et

207 1502 243 1574 in
261 1499 348 1572 locis
362 1497 439 1572 eliis
455 1497 491 1568 in
508 1495 637 1590 quibus
653 1515 713 1568 eas
734 1491 807 1568 fieri
825 1503 968 1588 oportet.
988 1491 1025 1565 Si
1044 1502 1159 1566 autem
1180 1493 1216 1566 in
1240 1493 1307 1565 illis
1330 1493 1412 1566 locis
1429 1515 1519 1566 rena
1542 1513 1616 1566 me-

207 1627 278 1700 talli
296 1623 481 1718 cujuslibet
497 1623 554 1695 vel
572 1621 755 1694 thesaurus
773 1617 996 1692 absconditus
1010 1618 1112 1690 luerit
1129 1625 1298 1714 repertus,
1315 1618 1351 1690 in
1367 1617 1422 1691 his
1439 1629 1475 1692 et
1492 1617 1615 1713 hujus·

207 1750 301 1824 modi
320 1750 380 1842 jus
401 1757 556 1820 nostrum
576 1745 725 1841 speciale
746 1744 792 1818 de
815 1743 959 1817 consilio
977 1743 1170 1838 principum
1189 1753 1382 1816 nostrorum
1405 1744 1515 1840 ipsius
1532 1744 1615 1820 fidei

208 1874 454 1948 commisimus.
474 1871 678 1946 Mandantes
700 1870 817 1964 itaque
833 1878 869 1942 et
889 1869 984 1962 regia
1004 1868 1211 1942 authoritate
1230 1867 1372 1942 tirmiter
1387 1870 1616 1968 precipientes

208 2007 248 2074 ot
260 1999 306 2074 de
321 1999 483 2072 omnibns
494 1997 638 2091 justitiis
654 2005 690 2070 et
706 1995 896 2070 rationibus
916 1995 961 2070 ad
979 1996 1128 2090 regalem
1143 1994 1417 2089 jurisdictionem
1434 1997 1617 2092 pertinen-

209 2127 304 2198 tibus
327 2125 481 2221 sepefato
501 2123 665 2220 episcopo
691 2119 939 2218 respondeatur
964 2129 999 2194 at
1029 2141 1091 2217 per
1120 2120 1236 2194 omnia
1265 2121 1464 2213 obediatur,
1496 2123 1615 2196 scituri

210 2250 306 2346 qnod
322 2271 386 2322 nos
403 2249 518 2346 ipsum
536 2257 700 2342 tanquam
718 2247 881 2321 dilectum
904 2245 1038 2340 imperii
1062 2244 1254 2341 principem
1270 2246 1401 2320 sincere
1422 2245 1613 2342 diligimus,

210 2383 341 2448 etcum
357 2395 419 2470 per
435 2374 550 2469 ipsum
568 2372 762 2468 imperiales
781 2371 915 2444 termini
933 2370 1120 2446 dilamntnr
1133 2382 1168 2445 et
1183 2381 1358 2446 annuente
1374 2373 1521 2448 Domino
1532 2373 1619 2446 bar-

208 2500 372 2574 bamrom
400 2497 588 2572 infidelitas
612 2500 697 2594 iugo
721 2497 842 2570 Christi
870 2497 1088 2592 subjugetur,
1112 2496 1199 2570 nihil
1220 2519 1341 2572 eornm
1366 2499 1525 2574 omittere
1547 2519 1619 2574 vo-

210 2626 327 2698 lumus
340 2645 410 2720 qne
428 2624 539 2720 ipsius
555 2623 736 2698 commodo
753 2621 946 2696 conducere
963 2629 1125 2718 poterunt
1139 2632 1175 2697 et
1189 2623 1323 2698 honori.

258 2750 369 2844 Hujus
382 2757 498 2822 autam
516 2758 632 2824 nostre
646 2749 877 2824 concessionis
892 2756 995 2822 toetee
1011 2755 1094 2821 sunt
1110 2749 1326 2823 venerabiles
1341 2749 1619 2845 Seleebnrgensis

211 2883 246 2950 et
261 2875 471 2950 Trerirensis
488 2874 760 2972 archiepiscopi,
777 2873 1021 2970 Angustemie,
1041 2873 1316 2970 llerbipolensis,
1336 2875 1615 2971 Bambsrgensis,

211 3000 466 3094 Panowigensis
487 2998 572 3096 (ric)
592 3009 627 3074 st
647 3000 860 3076 Eistadensis
877 2999 1045 3097 episcopi,
1065 2996 1215 3092 Austris,
1234 2999 1396 3093 Saxonie,
1418 3001 1563 3076 Bavarie
1584 3011 1621 3075 et

212 3123 383 3198 Cerinthie
400 3123 525 3216 duces,
544 3123 771 3220 landgravius
789 3123 991 3221 moringis,
1011 3132 1047 3198 et
1063 3123 1121 3198 alii
1138 3124 1360 3222 quamplures
1375 3125 1533 3216 comites,
1554 3145 1618 3199 no·

212 3248 299 3322 biles
314 3257 350 3321 et
364 3248 500 3346 imperii
516 3249 769 3324 ministeriales.

259 3376 382 3448 Datum
402 3376 496 3472 apud
515 3377 787 3474 Norlmbergam,
803 3376 959 3452 kalendis
976 3377 1183 3470 decembris,
1203 3397 1295 3450 anno
1312 3375 1485 3451 dominice
1501 3375 1621 3454 incar-

213 3501 359 3575 nationis
376 3501 570 3576 lllCCXXIll
583 3503 597 3601 (
621 3501 648 3600 l.

451 3773 858 3786 n—-u-——n—--n--u—--u-
863 3773 1011 3786 anau-.—
1017 3775 1394 3786 uu——nnu—-u———n-

264 4053 468 4164 Henricus,
483 4055 742 4142 Romanorum
760 4085 842 4168 rer,
858 4057 993 4142 fratres
1011 4059 1059 4143 de
1081 4059 1289 4146 Schdnthal
1306 4060 1356 4146 ab
1377 4061 1483 4148 omni
1501 4089 1620 4147 exec—
1646 4088 1788 4188 ,ἓξὲξ

211 4185 315 4271 tione
332 4187 552 4273 officialium
572 4218 730 4276 suorum
746 4193 898 4301 eximit,
923 4193 977 4276 ite
994 4203 1056 4302 ut,
1077 4220 1117 4277 se
1130 4194 1214 4304 ipso
1231 4195 1290 4279 vel
1313 4195 1446 4306 regine
1460 4197 1622 4310 conjuge

214 4347 286 4405 sua
303 4324 406 4432 apud
418 4323 655 4436 Wimpinem
673 4337 947 4436 commorante,
962 4354 1032 4414 nec
1045 4328 1133 4439 equi
1151 4328 1190 4412 in
1209 4356 1341 4414 eorum
1355 4331 1469 4415 curiis
1486 4332 1622 4444 hospi-

213 4462 341 4538 tentur
354 4483 425 4540 nec
437 4457 655 4546 heresturae
672 4461 922 4576 (heersteuer)
937 4462 986 4548 ab
1003 4463 1057 4548 eis
1073 4463 1286 4575 exigantur.

1791 4118 1830 4200 lo·

250 4773 287 4849 tt)
305 4775 346 4835 Ex
358 4781 536 4854 praecedente
555 4784 715 4846 documento
726 4787 994 4865 tacilecomperimus
1006 4791 1049 4849 cui
1066 4805 1138 4849 anno
1150 4787 1221 4849 istud
1238 4803 1346 4865 quoque
1358 4789 1431 4864 iuste
1444 4791 1593 4851 meraniae
