4324 5916
544 571 607 634 926
1092 571 1407 636 annitentem

547 710 655 782 terma
671 729 693 782 a
708 706 753 782 de
765 706 1060 784 inviolabilurente
1078 709 1276 784 observarla
1293 709 1405 782 ioniae
1424 729 1446 782 a
1465 707 1688 804 viotaoinque
1706 709 1791 782 anni
1807 731 1830 784 e
1845 732 1867 783 a
1884 733 1958 786 ma·

547 832 645 929 giore
661 833 816 925 termine,
829 833 999 929 piaoendo
1013 834 1047 908 al
1065 833 1126 930 piu
1145 834 1388 908 numerodela
1399 834 1610 908 eommunita
1624 833 1890 924 interueuieuto3
1901 837 1957 910 eli

547 958 691 1055 predicti
709 955 739 1032 ai
757 959 959 1054 obligarono
973 959 1020 1034 de
1033 980 1156 1032 our-are
1168 980 1234 1034 oon
1247 959 1369 1034 elIeoto
1380 959 1446 1034 elne
1457 959 1483 1030 li
1496 959 1670 1056 potestati,
1678 960 1825 1052 nonnuli,
1836 961 1957 1034 reatori

546 1103 568 1156 e
589 1081 733 1156 citadini
754 1083 1081 1180 oonetrengeriando
1105 1085 1309 1181 qualunque
1324 1083 1373 1158 da
1388 1084 1480 1156 XIIII
1500 1084 1583 1156 anni
1611 1103 1674 1179 per
1690 1082 1804 1156 iasine
1825 1105 1848 1156 a
1868 1085 1957 1158 Lxx

546 1207 821 1302 religiosomento
839 1208 1025 1284 observare
1050 1209 1098 1282 tal
1115 1209 1277 1284 societate
1295 1231 1318 1284 a
1333 1208 1478 1283 limitato
1489 1207 1654 1297 termino,
1673 1229 1696 1282 e
1712 1206 1758 1282 de
1773 1209 1958 1284 ohservare
2049 1287 2054 1298 ,

546 1340 634 1406 tutte
645 1333 761 1427 quelle
777 1354 857 1408 ooee
871 1333 1008 1410 aerium
1022 1333 1181 1408 ordinate
1192 1355 1255 1430 per
1270 1335 1295 1406 li
1315 1333 1445 1430 prowri
1462 1333 1508 1408 (le
1524 1334 1558 1408 lo
1571 1341 1759 1408 memorato
1772 1334 1841 1408 uita
1858 1356 1881 1408 o
1896 1356 1959 1430 per

547 1456 745 1550 lamagiore
760 1465 870 1553 parto,
882 1479 904 1532 a
918 1459 1055 1554 liquati
1073 1459 1271 1532 uibuivano
1283 1479 1450 1554 porsenna
1462 1457 1508 1532 de
1522 1466 1641 1554 potura
1655 1457 1846 1552 agiuugere
1856 1481 1879 1532 o
1888 1459 1958 1532 rni-

546 1581 647 1656 nuire
660 1583 775 1676 quello
788 1583 953 1678 megliora
967 1584 1017 1677 gli
1033 1605 1193 1680 parenae3
1208 1592 1365 1679 aquoato
1380 1583 1526 1657 volonno
1540 1581 1606 1656 olna
1618 1583 1652 1654 le
1666 1589 1834 1678 potestate
1841 1583 1958 1674 iurna-

547 1725 631 1778 aeno
650 1727 672 1778 o
689 1705 859 1800 gradatim
874 1707 921 1782 ud
942 1729 1035 1781 anno
1052 1729 1115 1803 per
1132 1729 1225 1782 auno
1241 1730 1264 1782 a
1281 1709 1359 1782 suoi
1375 1706 1565 1780 mnoenaori
1581 1707 1750 1780 tueamino
1768 1706 1959 1802 pariunente

543 1830 677 1924 jurare,
697 1831 810 1904 iueIne
834 1832 928 1906 lusae
957 1833 1127 1929 completo
1149 1834 1173 1904 il
1198 1833 1342 1908 termine
1357 1833 1405 1908 de
1420 1833 1455 1906 la
1472 1832 1559 1926 lign3
1579 1852 1602 1906 a
1621 1831 1646 1902 li
1666 1830 1813 1928 predicti
1835 1851 1899 1927 per
1925 1831 1958 1904 la

546 1955 714 2028 auctorita
731 1977 895 2031 wnoessa
911 1977 1045 2032 oomee
1062 1956 1156 2034 dloto
1170 1959 1255 2032 luno
1270 1979 1291 2032 o
1304 1958 1402 2031 laltro
1415 1958 1582 2050 jurarono
1597 1977 1659 2053 per
1673 1955 1699 2028 li
1715 1956 1825 2030 naneti
1841 1956 1957 2032 Eron-

545 2079 626 2172 gelii
644 2081 690 2154 de
703 2080 881 2156 attondere
897 2091 933 2156 et
949 2081 1147 2156 obseruare.

593 2205 953 2300 Volondoeiadunque
964 2205 1050 2280 dare
1057 2205 1394 2282 desideratoelelioe
1406 2204 1646 2302 liueaquento
1659 2203 1859 2280 adolanae
1871 2207 1955 2302 liga,

544 2327 662 2404 l'auno
677 2328 846 2424 prealato,
867 2331 925 2402 nel
942 2331 1097 2424 megioro
1109 2332 1279 2426 oouoiglio
1293 2331 1344 2406 dil
1356 2352 1541 2406 oommnne
1555 2331 1595 2408 di
1614 2331 1758 2406 Mantua
1773 2355 1795 2406 a
1814 2352 1902 2406 aono
1912 2331 1958 2406 de

545 2473 714 2549 campana
730 2453 885 2528 seeundo
903 2453 1044 2530 luaanza
1063 2455 1236 2532 celebrato
1259 2477 1321 2552 per
1341 2455 1545 2548 Ioderango
1568 2454 1614 2530 de
1635 2455 1869 2551 Martinengo‚
1893 2478 1957 2552 po-

545 2586 666 2652 testate
684 2579 892 2673 Mantuano,
916 2601 979 2677 per
994 2581 1173 2656 voluntate
1189 2603 1212 2656 a
1226 2581 1393 2656 mandato
1408 2601 1575 2677 expreeno
1593 2579 1645 2654 dil
1663 2581 1820 2677 predicto
1840 2581 1956 2655 eunoi-

544 2703 634 2800 glio,
653 2725 715 2800 per
733 2705 758 2778 il
776 2725 924 2778 eumuna
936 2705 1126 2780 Mantuano
1144 2705 1300 2802 lanu'qua
1314 2705 1385 2802 liga
1403 2705 1479 2782 leoo
1493 2705 1654 2780 rinorare
1674 2726 1741 2780 oon
1758 2705 1957 2780 iuviolabile

544 2837 770 2904 sacramanto.
789 2828 818 2902 II
836 2829 908 2904 cosi
923 2831 1003 2902 tutti
1019 2829 1045 2902 li
1055 2829 1294 2905 ambasciatori
1307 2829 1354 2904 do
1370 2829 1404 2904 le
1418 2829 1521 2904 eitute
1532 2828 1749 2925 noannpte
1761 2830 1957 2926 promineuo

546 2953 791 3050 eetipularono
807 2975 869 3050 per
892 2954 926 3028 le
945 2975 1010 3052 aue
1032 2955 1209 3051 republioe
1226 2955 1263 3028 ln
1278 2963 1366 3030 tutto
1379 2963 1511 3051 quanto
1527 2955 1586 3028 nol
1600 2963 1814 3028 summonte
1827 2954 1858 3026 ai
1874 2975 1957 3030 oon·

547 3089 660 3172 tenea,
678 3079 812 3176 loquuta
831 3081 956 3154 turono
969 3088 1092 3175 queste
1110 3107 1120 3152 ε
1143 3080 1290 3173 Milano,
1307 3081 1474 3176 Bologna,
1494 3081 1630 3173 Bruma,
1647 3081 1806 3172 Mantua,
1823 3078 1953 3171 Padua,

547 3204 741 3296 Viuoentia,
752 3203 947 3297 TrIviaio,e
963 3205 1042 3278 tutti
1059 3205 1086 3278 li
1100 3206 1228 3280 oratori
1242 3206 1302 3301 gIa
1318 3206 1411 3280 nola
1426 3205 1558 3280 ohienia
1572 3203 1619 3278 do
1632 3205 1758 3278 Sanoto
1772 3205 1909 3281 Zenona
1923 3202 1954 3276 al

546 3329 644 3402 Meno
660 3327 816 3424 predicto
837 3349 959 3404 nerano
972 3330 1175 3405 conveuuti.
1192 3329 1264 3404 Cho
1277 3329 1345 3406 tale
1357 3331 1553 3423 juramento
1568 3329 1599 3402 si
1617 3329 1747 3404 taoeaao
1763 3328 1802 3400 iu
1816 3327 1850 3402 el
1863 3327 1956 3402 dioto

546 3453 716 3550 oouoiglio
735 3453 773 3528 di
792 3454 972 3530 Mantuae
989 3455 1054 3529 ohe
1072 3457 1098 3528 li
1121 3455 1260 3530 offioinli
1275 3455 1411 3532 abeenti
1426 3477 1448 3532 e
1463 3453 1607 3530 oiMdiui
1625 3463 1750 3550 questo
1768 3453 1837 3528 tato
1853 3453 1956 3545 jnra-

546 3589 664 3654 uronto
691 3588 872 3676 polemone
897 3582 969 3656 lare
983 3581 1150 3678 stipulare
1172 3581 1219 3658 dn
1236 3580 1364 3656 diremi
1379 3581 1507 3675 notari,
1524 3581 1551 3654 li
1568 3580 1662 3654 norni
1680 3579 1727 3654 de
1741 3579 1767 3652 li
1782 3577 1879 3674 quali
1895 3575 1955 3672 qni

546 3701 593 3778 de
617 3712 705 3778 sotto
724 3725 848 3780 nerano
863 3705 1040 3780 declarati.
1061 3706 1185 3780 Mauro
1206 3713 1327 3780 notnro
1352 3706 1402 3780 dil
1420 3723 1603 3782 oommune
1625 3703 1662 3778 di
1682 3703 1824 3780 Mantua
1845 3703 1956 3776 inter-

545 3848 659 3904 venne
685 3828 722 3902 in
750 3830 810 3904 tali
835 3828 965 3904 divorsi
983 3831 1145 3926 oouoiglii
1169 3852 1190 3905 o
1213 3839 1383 3906 reueratte
1400 3831 1425 3904 li
1446 3829 1663 3904 Instrumenti
1684 3827 1810 3902 trnrloti
1831 3827 1955 3902 solem·

546 3963 706 4028 nomento
725 3955 925 4050 exemplati.
947 3957 986 4030 lu
1012 3976 1116 4030 nome
1133 3955 1300 4052 adunque
1320 3956 1371 4031 dil
1389 3977 1525 4030 aumrno
1547 3956 1687 4030 Faotom
1702 3961 1739 4028 et
1754 3951 1802 4028 nd
1826 3953 1955 4026 honore

545 4099 626 4152 oum
642 4086 855 4173 augumento
868 4077 919 4154 dil
936 4087 1025 4156 stato
1040 4080 1086 4156 do
1102 4081 1248 4175 Milano,
1267 4081 1441 4174 Romula,
1459 4083 1597 4174 Broeen,
1613 4079 1770 4171 Mantua,
1788 4077 1951 4168 vernello,

544 4201 770 4297 Alexandrn'a,
786 4203 969 4298 Favenoia,
982 4205 1176 4298 Vlnoentia‚
1194 4206 1313 4280 Padoa
1329 4227 1351 4280 o
1369 4205 1528 4294 Triulaio,
1540 4204 1571 4278 oi
1581 4203 1817 4298 oougiuoaeno
1835 4201 1872 4274 iu
1884 4201 1954 4295 liga

545 4349 612 4402 oon
630 4329 664 4402 la
677 4328 910 4402 reservatione
930 4329 968 4404 di
986 4329 1077 4404 loohi
1096 4339 1131 4404 ot
1151 4331 1238 4406 altre
1259 4331 1327 4406 uita
1350 4331 1529 4406 volanaeno
1545 4329 1674 4404 intrare
1696 4327 1734 4400 in
1754 4328 1823 4401 tale
1840 4327 1954 4400 aoeie-

545 4452 646 4546 tado;
670 4455 704 4528 lo
723 4456 832 4530 torma
852 4455 897 4532 do
920 4457 954 4530 lu
977 4458 1082 4554 quale
1099 4457 1135 4530 in
1157 4479 1316 4553 prooeaao
1335 4477 1412 4532 sera
1428 4456 1619 4548 declarata,
1637 4455 1708 4528 ele
1722 4454 1792 4528 oita
1817 4473 1952 4527 eoem·

545 4578 644 4650 muni
660 4579 805 4676 predicti
821 4603 886 4656 oon
907 4583 985 4656 suoi
1002 4581 1129 4656 oontMi
1146 4581 1177 4654 si
1194 4600 1281 4656 sono
1298 4581 1491 4674 constituti,
1507 4581 1539 4654 si
1556 4600 1654 4655 oome
1671 4599 1799 4676 appare
1819 4597 1881 4674 per
1898 4577 1951 4648 iu-

545 4705 726 4780 strumenti
740 4706 889 4804 publioi;
901 4707 925 4780 li
936 4707 1047 4782 tenori
1058 4707 1095 4784 di
1109 4707 1204 4803 quali
1216 4729 1304 4782 nono
1314 4707 1466 4782 annotati
1479 4733 1491 4788 a.
1502 4707 1577 4782 oioe
1588 4705 1773 4801 Brngontio
1784 4701 1830 4778 de
1841 4701 1950 4776 Allato
