<?xml version="1.0" encoding="UTF-8"?>
<!DOCTYPE html PUBLIC "-//W3C//DTD XHTML 1.0 Transitional//EN"
    "http://www.w3.org/TR/xhtml1/DTD/xhtml1-transitional.dtd">
<html xmlns="http://www.w3.org/1999/xhtml" xml:lang="en" lang="en">
 <head>
  <title>
</title>
<meta http-equiv="Content-Type" content="text/html;charset=utf-8" />
  <meta name='ocr-system' content='tesseract 3.04.00' />
  <meta name='ocr-capabilities' content='ocr_page ocr_carea ocr_par ocr_line ocrx_word'/>
</head>
<body>
  <div class='ocr_page' id='page_1' title='image "./historiadiploma04fredgoog_0359.png"; bbox 0 0 4324 5912; ppageno 0'>
   <div class='ocr_carea' id='block_1_1' title="bbox 542 575 1405 639">
    <p class='ocr_par' dir='ltr' id='par_1_1' title="bbox 542 575 1405 639">
     <span class='ocr_line' id='line_1_1' title="bbox 542 575 1405 639; baseline 0.001 -1"><span class='ocrx_word' id='word_1_1' title='bbox 542 575 605 638; x_wconf 74' lang='grc'><strong>948</strong></span> <span class='ocrx_word' id='word_1_2' title='bbox 1096 575 1405 639; x_wconf 74' lang='lat' dir='ltr'><strong>abnlttttnttt‘lt</strong></span> 
     </span>
    </p>
   </div>
   <div class='ocr_carea' id='block_1_2' title="bbox 540 711 1958 2684">
    <p class='ocr_par' dir='ltr' id='par_1_2' title="bbox 540 711 1958 2684">
     <span class='ocr_line' id='line_1_2' title="bbox 541 711 1952 810; baseline 0.003 -24"><span class='ocrx_word' id='word_1_3' title='bbox 541 713 619 787; x_wconf 89' lang='lat' dir='ltr'><strong>rivo</strong></span> <span class='ocrx_word' id='word_1_4' title='bbox 636 711 736 788; x_wconf 86' lang='lat' dir='ltr'><strong>vadit</strong></span> <span class='ocrx_word' id='word_1_5' title='bbox 749 712 809 787; x_wconf 85' lang='lat' dir='ltr'><strong>ria</strong></span> <span class='ocrx_word' id='word_1_6' title='bbox 825 713 966 810; x_wconf 90' lang='lat' dir='ltr'><strong>publica</strong></span> <span class='ocrx_word' id='word_1_7' title='bbox 981 735 1093 809; x_wconf 90' lang='lat' dir='ltr'><strong>usque</strong></span> <span class='ocrx_word' id='word_1_8' title='bbox 1105 711 1153 786; x_wconf 90' lang='lat' dir='ltr'><strong>ud</strong></span> <span class='ocrx_word' id='word_1_9' title='bbox 1173 735 1322 810; x_wconf 82' lang='lat' dir='ltr'><strong>parvum</strong></span> <span class='ocrx_word' id='word_1_10' title='bbox 1337 711 1462 786; x_wconf 88' lang='lat' dir='ltr'><strong>lalsum</strong></span> <span class='ocrx_word' id='word_1_11' title='bbox 1479 711 1595 784; x_wconf 82' lang='lat' dir='ltr'><strong>rivum</strong></span> <span class='ocrx_word' id='word_1_12' title='bbox 1612 712 1675 807; x_wconf 85' lang='lat' dir='ltr'><strong>qui</strong></span> <span class='ocrx_word' id='word_1_13' title='bbox 1695 723 1748 787; x_wconf 87' lang='lat' dir='ltr'><strong>eet</strong></span> <span class='ocrx_word' id='word_1_14' title='bbox 1761 717 1864 808; x_wconf 83' lang='lat' dir='ltr'><strong>juxta</strong></span> <span class='ocrx_word' id='word_1_15' title='bbox 1877 718 1952 789; x_wconf 90' lang='lat' dir='ltr'><strong>cul-</strong></span> 
     </span>
     <span class='ocr_line' id='line_1_3' title="bbox 541 835 1950 934; baseline 0.001 -24"><span class='ocrx_word' id='word_1_16' title='bbox 541 847 655 912; x_wconf 84' lang='lat' dir='ltr'><strong>turam</strong></span> <span class='ocrx_word' id='word_1_17' title='bbox 673 837 877 934; x_wconf 87' lang='lat' dir='ltr'><strong>Stepbauitii</strong></span> <span class='ocrx_word' id='word_1_18' title='bbox 893 847 929 911; x_wconf 94' lang='lat' dir='ltr'><strong>et</strong></span> <span class='ocrx_word' id='word_1_19' title='bbox 944 837 1101 913; x_wconf 88' lang='lat' dir='ltr'><strong>ascendit</strong></span> <span class='ocrx_word' id='word_1_20' title='bbox 1124 837 1222 911; x_wconf 78' lang='lat' dir='ltr'><strong>nvos</strong></span> <span class='ocrx_word' id='word_1_21' title='bbox 1249 859 1360 932; x_wconf 88' lang='lat' dir='ltr'><strong>usque</strong></span> <span class='ocrx_word' id='word_1_22' title='bbox 1382 836 1431 912; x_wconf 90' lang='lat' dir='ltr'><strong>ed</strong></span> <span class='ocrx_word' id='word_1_23' title='bbox 1456 835 1732 931; x_wconf 86' lang='lat' dir='ltr'><strong>ouoeeignatum</strong></span> <span class='ocrx_word' id='word_1_24' title='bbox 1749 837 1901 934; x_wconf 80' lang='lat' dir='ltr'><strong>lapidem</strong></span> <span class='ocrx_word' id='word_1_25' title='bbox 1918 841 1950 912; x_wconf 89' lang='lat' dir='ltr'><strong>iu</strong></span> 
     </span>
     <span class='ocr_line' id='line_1_4' title="bbox 542 960 1951 1059; baseline 0.002 -22"><span class='ocrx_word' id='word_1_26' title='bbox 542 975 648 1059; x_wconf 88' lang='lat' dir='ltr'><strong>eaput</strong></span> <span class='ocrx_word' id='word_1_27' title='bbox 663 962 953 1059; x_wconf 84' lang='lat' dir='ltr'><strong>Primanipuci,et</strong></span> <span class='ocrx_word' id='word_1_28' title='bbox 967 963 1051 1037; x_wconf 91' lang='lat' dir='ltr'><strong>inde</strong></span> <span class='ocrx_word' id='word_1_29' title='bbox 1066 961 1223 1036; x_wconf 88' lang='lat' dir='ltr'><strong>ascendit</strong></span> <span class='ocrx_word' id='word_1_30' title='bbox 1239 982 1364 1036; x_wconf 73' lang='lat' dir='ltr'><strong>vesus</strong></span> <span class='ocrx_word' id='word_1_31' title='bbox 1376 960 1592 1036; x_wconf 84' lang='lat' dir='ltr'><strong>occidentem</strong></span> <span class='ocrx_word' id='word_1_32' title='bbox 1607 983 1670 1058; x_wconf 88' lang='lat' dir='ltr'><strong>per</strong></span> <span class='ocrx_word' id='word_1_33' title='bbox 1686 965 1784 1038; x_wconf 86' lang='lat' dir='ltr'><strong>lacus</strong></span> <span class='ocrx_word' id='word_1_34' title='bbox 1799 965 1951 1058; x_wconf 83' lang='lat' dir='ltr'><strong>ejusdem</strong></span> 
     </span>
     <span class='ocr_line' id='line_1_5' title="bbox 541 1085 1951 1184; baseline 0.001 -24"><span class='ocrx_word' id='word_1_35' title='bbox 541 1089 675 1160; x_wconf 89' lang='lat' dir='ltr'><strong>culture</strong></span> <span class='ocrx_word' id='word_1_36' title='bbox 703 1085 895 1162; x_wconf 86' lang='lat' dir='ltr'><strong>dividendo</strong></span> <span class='ocrx_word' id='word_1_37' title='bbox 924 1109 1003 1162; x_wconf 85' lang='lat' dir='ltr'><strong>oum</strong></span> <span class='ocrx_word' id='word_1_38' title='bbox 1034 1085 1206 1184; x_wconf 88' lang='lat' dir='ltr'><strong>predictis·</strong></span> <span class='ocrx_word' id='word_1_39' title='bbox 1227 1088 1327 1160; x_wconf 89' lang='lat' dir='ltr'><strong>terris</strong></span> <span class='ocrx_word' id='word_1_40' title='bbox 1356 1085 1561 1183; x_wconf 82' lang='lat' dir='ltr'><strong>Stephanitii</strong></span> <span class='ocrx_word' id='word_1_41' title='bbox 1587 1107 1704 1182; x_wconf 63' lang='lat' dir='ltr'><strong>uque</strong></span> <span class='ocrx_word' id='word_1_42' title='bbox 1727 1087 1776 1160; x_wconf 86' lang='lat' dir='ltr'><strong>ad</strong></span> <span class='ocrx_word' id='word_1_43' title='bbox 1804 1097 1951 1162; x_wconf 79' lang='lat' dir='ltr'><strong>veterem</strong></span> 
     </span>
     <span class='ocr_line' id='line_1_6' title="bbox 540 1211 1951 1308; baseline -0.001 -24"><span class='ocrx_word' id='word_1_44' title='bbox 540 1211 705 1300; x_wconf 60' lang='lat' dir='ltr'><strong>menam,</strong></span> <span class='ocrx_word' id='word_1_45' title='bbox 718 1211 1159 1287; x_wconf 84' lang='lat' dir='ltr'><strong>etdeiudeasranditeerra</strong></span> <span class='ocrx_word' id='word_1_46' title='bbox 1171 1216 1283 1306; x_wconf 83' lang='lat' dir='ltr'><strong>usque</strong></span> <span class='ocrx_word' id='word_1_47' title='bbox 1294 1211 1343 1284; x_wconf 88' lang='lat' dir='ltr'><strong>ad</strong></span> <span class='ocrx_word' id='word_1_48' title='bbox 1354 1211 1606 1307; x_wconf 70' lang='lat' dir='ltr'><strong>separationem</strong></span> <span class='ocrx_word' id='word_1_49' title='bbox 1620 1213 1755 1286; x_wconf 90' lang='lat' dir='ltr'><strong>culture</strong></span> <span class='ocrx_word' id='word_1_50' title='bbox 1765 1211 1951 1308; x_wconf 82' lang='lat' dir='ltr'><strong>alpeetre(?)</strong></span> 
     </span>
     <span class='ocr_line' id='line_1_7' title="bbox 542 1335 1954 1446; baseline 0.001 -37"><span class='ocrx_word' id='word_1_51' title='bbox 542 1337 603 1410; x_wconf 93' lang='lat' dir='ltr'><strong>ubi</strong></span> <span class='ocrx_word' id='word_1_52' title='bbox 617 1345 670 1410; x_wconf 87' lang='lat' dir='ltr'><strong>eet</strong></span> <span class='ocrx_word' id='word_1_53' title='bbox 685 1337 774 1432; x_wconf 90' lang='lat' dir='ltr'><strong>lapis</strong></span> <span class='ocrx_word' id='word_1_54' title='bbox 790 1339 1051 1433; x_wconf 74' lang='lat' dir='ltr'><strong>crucesignatus</strong></span> <span class='ocrx_word' id='word_1_55' title='bbox 1065 1346 1101 1410; x_wconf 91' lang='lat' dir='ltr'><strong>et</strong></span> <span class='ocrx_word' id='word_1_56' title='bbox 1118 1335 1247 1410; x_wconf 92' lang='lat' dir='ltr'><strong>deiude</strong></span> <span class='ocrx_word' id='word_1_57' title='bbox 1263 1335 1442 1446; x_wconf 77' lang='lat' dir='ltr'><strong>descendit</strong></span> <span class='ocrx_word' id='word_1_58' title='bbox 1452 1335 1666 1408; x_wconf 84' lang='lat' dir='ltr'><strong>occidentem</strong></span> <span class='ocrx_word' id='word_1_59' title='bbox 1685 1357 1797 1431; x_wconf 90' lang='lat' dir='ltr'><strong>usque</strong></span> <span class='ocrx_word' id='word_1_60' title='bbox 1813 1337 1860 1410; x_wconf 92' lang='lat' dir='ltr'><strong>ad</strong></span> <span class='ocrx_word' id='word_1_61' title='bbox 1879 1361 1954 1410; x_wconf 87' lang='lat' dir='ltr'><strong>cru·</strong></span> 
     </span>
     <span class='ocr_line' id='line_1_8' title="bbox 542 1461 1953 1559; baseline 0.001 -24"><span class='ocrx_word' id='word_1_62' title='bbox 542 1462 753 1554; x_wconf 80' lang='lat' dir='ltr'><strong>resignatam</strong></span> <span class='ocrx_word' id='word_1_63' title='bbox 767 1461 997 1558; x_wconf 83' lang='lat' dir='ltr'><strong>pipira&#39;ginem</strong></span> <span class='ocrx_word' id='word_1_64' title='bbox 1016 1471 1050 1537; x_wconf 90' lang='lat' dir='ltr'><strong>et</strong></span> <span class='ocrx_word' id='word_1_65' title='bbox 1064 1465 1168 1556; x_wconf 83' lang='lat' dir='ltr'><strong>juxta</strong></span> <span class='ocrx_word' id='word_1_66' title='bbox 1185 1462 1351 1551; x_wconf 85' lang='lat' dir='ltr'><strong>brunum,</strong></span> <span class='ocrx_word' id='word_1_67' title='bbox 1362 1472 1398 1534; x_wconf 93' lang='lat' dir='ltr'><strong>et</strong></span> <span class='ocrx_word' id='word_1_68' title='bbox 1415 1461 1544 1534; x_wconf 89' lang='lat' dir='ltr'><strong>deiude</strong></span> <span class='ocrx_word' id='word_1_69' title='bbox 1556 1461 1656 1534; x_wconf 79' lang='lat' dir='ltr'><strong>vadit</strong></span> <span class='ocrx_word' id='word_1_70' title='bbox 1673 1473 1765 1536; x_wconf 90' lang='lat' dir='ltr'><strong>recte</strong></span> <span class='ocrx_word' id='word_1_71' title='bbox 1780 1461 1828 1536; x_wconf 88' lang='lat' dir='ltr'><strong>ad</strong></span> <span class='ocrx_word' id='word_1_72' title='bbox 1841 1465 1953 1559; x_wconf 87' lang='lat' dir='ltr'><strong>pelus-</strong></span> 
     </span>
     <span class='ocr_line' id='line_1_9' title="bbox 541 1585 1953 1683; baseline -0.001 -22"><span class='ocrx_word' id='word_1_73' title='bbox 541 1597 628 1661; x_wconf 80' lang='lat' dir='ltr'><strong>trcna</strong></span> <span class='ocrx_word' id='word_1_74' title='bbox 645 1587 808 1660; x_wconf 86' lang='lat' dir='ltr'><strong>umbram</strong></span> <span class='ocrx_word' id='word_1_75' title='bbox 820 1598 857 1660; x_wconf 89' lang='lat' dir='ltr'><strong>et</strong></span> <span class='ocrx_word' id='word_1_76' title='bbox 874 1587 1030 1662; x_wconf 88' lang='lat' dir='ltr'><strong>aseendit</strong></span> <span class='ocrx_word' id='word_1_77' title='bbox 1056 1587 1140 1662; x_wconf 90' lang='lat' dir='ltr'><strong>inde</strong></span> <span class='ocrx_word' id='word_1_78' title='bbox 1160 1607 1222 1682; x_wconf 93' lang='lat' dir='ltr'><strong>per</strong></span> <span class='ocrx_word' id='word_1_79' title='bbox 1241 1587 1428 1683; x_wconf 70' lang='lat' dir='ltr'><strong>palustrem</strong></span> <span class='ocrx_word' id='word_1_80' title='bbox 1442 1587 1606 1660; x_wconf 86' lang='lat' dir='ltr'><strong>umbram</strong></span> <span class='ocrx_word' id='word_1_81' title='bbox 1623 1599 1661 1660; x_wconf 92' lang='lat' dir='ltr'><strong>et</strong></span> <span class='ocrx_word' id='word_1_82' title='bbox 1675 1588 1754 1661; x_wconf 88' lang='lat' dir='ltr'><strong>lerit</strong></span> <span class='ocrx_word' id='word_1_83' title='bbox 1777 1585 1825 1662; x_wconf 89' lang='lat' dir='ltr'><strong>ad</strong></span> <span class='ocrx_word' id='word_1_84' title='bbox 1843 1589 1953 1660; x_wconf 84' lang='lat' dir='ltr'><strong>rivum</strong></span> 
     </span>
     <span class='ocr_line' id='line_1_10' title="bbox 541 1711 1954 1809; baseline 0.001 -23"><span class='ocrx_word' id='word_1_85' title='bbox 541 1714 603 1808; x_wconf 85' lang='lat' dir='ltr'><strong>qui</strong></span> <span class='ocrx_word' id='word_1_86' title='bbox 622 1711 802 1786; x_wconf 83' lang='lat' dir='ltr'><strong>descendit</strong></span> <span class='ocrx_word' id='word_1_87' title='bbox 819 1733 881 1808; x_wconf 90' lang='lat' dir='ltr'><strong>per</strong></span> <span class='ocrx_word' id='word_1_88' title='bbox 891 1715 1022 1787; x_wconf 89' lang='lat' dir='ltr'><strong>malem</strong></span> <span class='ocrx_word' id='word_1_89' title='bbox 1037 1733 1161 1809; x_wconf 88' lang='lat' dir='ltr'><strong>rupem</strong></span> <span class='ocrx_word' id='word_1_90' title='bbox 1178 1721 1213 1786; x_wconf 90' lang='lat' dir='ltr'><strong>et</strong></span> <span class='ocrx_word' id='word_1_91' title='bbox 1229 1713 1382 1807; x_wconf 76' lang='lat' dir='ltr'><strong>regalem</strong></span> <span class='ocrx_word' id='word_1_92' title='bbox 1398 1712 1505 1803; x_wconf 83' lang='lat' dir='ltr'><strong>viem,</strong></span> <span class='ocrx_word' id='word_1_93' title='bbox 1516 1721 1551 1784; x_wconf 88' lang='lat' dir='ltr'><strong>et</strong></span> <span class='ocrx_word' id='word_1_94' title='bbox 1563 1711 1664 1786; x_wconf 81' lang='lat' dir='ltr'><strong>radit</strong></span> <span class='ocrx_word' id='word_1_95' title='bbox 1677 1714 1753 1808; x_wconf 89' lang='lat' dir='ltr'><strong>ipsa</strong></span> <span class='ocrx_word' id='word_1_96' title='bbox 1768 1713 1829 1786; x_wconf 87' lang='lat' dir='ltr'><strong>ria</strong></span> <span class='ocrx_word' id='word_1_97' title='bbox 1846 1735 1954 1809; x_wconf 90' lang='lat' dir='ltr'><strong>usque</strong></span> 
     </span>
     <span class='ocr_line' id='line_1_11' title="bbox 543 1837 1955 1934; baseline 0.001 -24"><span class='ocrx_word' id='word_1_98' title='bbox 543 1837 590 1910; x_wconf 93' lang='lat' dir='ltr'><strong>ud</strong></span> <span class='ocrx_word' id='word_1_99' title='bbox 601 1837 753 1910; x_wconf 91' lang='lat' dir='ltr'><strong>brunum</strong></span> <span class='ocrx_word' id='word_1_100' title='bbox 767 1838 1037 1934; x_wconf 85' lang='lat' dir='ltr'><strong>SanctcAgatbc</strong></span> <span class='ocrx_word' id='word_1_101' title='bbox 1049 1838 1112 1910; x_wconf 92' lang='lat' dir='ltr'><strong>ubi</strong></span> <span class='ocrx_word' id='word_1_102' title='bbox 1125 1847 1178 1911; x_wconf 89' lang='lat' dir='ltr'><strong>ast</strong></span> <span class='ocrx_word' id='word_1_103' title='bbox 1190 1837 1450 1932; x_wconf 66' lang='lat' dir='ltr'><strong>crucesignatus</strong></span> <span class='ocrx_word' id='word_1_104' title='bbox 1463 1837 1568 1932; x_wconf 87' lang='lat' dir='ltr'><strong>lapie;</strong></span> <span class='ocrx_word' id='word_1_105' title='bbox 1586 1837 1731 1911; x_wconf 87' lang='lat' dir='ltr'><strong>etvadit</strong></span> <span class='ocrx_word' id='word_1_106' title='bbox 1745 1839 1820 1934; x_wconf 92' lang='lat' dir='ltr'><strong>ipsa</strong></span> <span class='ocrx_word' id='word_1_107' title='bbox 1832 1839 1893 1912; x_wconf 86' lang='lat' dir='ltr'><strong>via</strong></span> <span class='ocrx_word' id='word_1_108' title='bbox 1905 1861 1955 1912; x_wconf 86' lang='lat' dir='ltr'><strong>re-</strong></span> 
     </span>
     <span class='ocr_line' id='line_1_12' title="bbox 543 1962 1955 2062; baseline 0.003 -27"><span class='ocrx_word' id='word_1_109' title='bbox 543 1965 631 2059; x_wconf 89' lang='lat' dir='ltr'><strong>galis</strong></span> <span class='ocrx_word' id='word_1_110' title='bbox 643 1964 812 2058; x_wconf 75' lang='lat' dir='ltr'><strong>usquead</strong></span> <span class='ocrx_word' id='word_1_111' title='bbox 823 1987 989 2061; x_wconf 90' lang='lat' dir='ltr'><strong>maguum</strong></span> <span class='ocrx_word' id='word_1_112' title='bbox 1001 1965 1118 2038; x_wconf 91' lang='lat' dir='ltr'><strong>rivum</strong></span> <span class='ocrx_word' id='word_1_113' title='bbox 1135 1965 1197 2037; x_wconf 90' lang='lat' dir='ltr'><strong>obi</strong></span> <span class='ocrx_word' id='word_1_114' title='bbox 1217 1973 1298 2037; x_wconf 89' lang='lat' dir='ltr'><strong>sunt</strong></span> <span class='ocrx_word' id='word_1_115' title='bbox 1314 1962 1415 2057; x_wconf 89' lang='lat' dir='ltr'><strong>licus,</strong></span> <span class='ocrx_word' id='word_1_116' title='bbox 1431 1973 1467 2037; x_wconf 89' lang='lat' dir='ltr'><strong>et</strong></span> <span class='ocrx_word' id='word_1_117' title='bbox 1483 1963 1640 2037; x_wconf 89' lang='lat' dir='ltr'><strong>escendit</strong></span> <span class='ocrx_word' id='word_1_118' title='bbox 1650 1963 1725 2060; x_wconf 86' lang='lat' dir='ltr'><strong>ipse</strong></span> <span class='ocrx_word' id='word_1_119' title='bbox 1736 1965 1833 2038; x_wconf 85' lang='lat' dir='ltr'><strong>rivus</strong></span> <span class='ocrx_word' id='word_1_120' title='bbox 1847 1987 1955 2062; x_wconf 85' lang='lat' dir='ltr'><strong>usque</strong></span> 
     </span>
     <span class='ocr_line' id='line_1_13' title="bbox 543 2089 1956 2186; baseline 0 -22"><span class='ocrx_word' id='word_1_121' title='bbox 543 2090 590 2164; x_wconf 92' lang='lat' dir='ltr'><strong>ad</strong></span> <span class='ocrx_word' id='word_1_122' title='bbox 610 2089 759 2164; x_wconf 85' lang='lat' dir='ltr'><strong>divisam</strong></span> <span class='ocrx_word' id='word_1_123' title='bbox 775 2091 975 2164; x_wconf 89' lang='lat' dir='ltr'><strong>orientalem</strong></span> <span class='ocrx_word' id='word_1_124' title='bbox 994 2099 1029 2164; x_wconf 92' lang='lat' dir='ltr'><strong>et</strong></span> <span class='ocrx_word' id='word_1_125' title='bbox 1042 2099 1162 2186; x_wconf 89' lang='lat' dir='ltr'><strong>postea</strong></span> <span class='ocrx_word' id='word_1_126' title='bbox 1179 2089 1330 2163; x_wconf 89' lang='lat' dir='ltr'><strong>declinat</strong></span> <span class='ocrx_word' id='word_1_127' title='bbox 1341 2089 1387 2162; x_wconf 86' lang='lat' dir='ltr'><strong>ad</strong></span> <span class='ocrx_word' id='word_1_128' title='bbox 1403 2089 1496 2165; x_wconf 78' lang='lat' dir='ltr'><strong>riam</strong></span> <span class='ocrx_word' id='word_1_129' title='bbox 1514 2097 1550 2162; x_wconf 92' lang='lat' dir='ltr'><strong>et</strong></span> <span class='ocrx_word' id='word_1_130' title='bbox 1566 2091 1642 2185; x_wconf 85' lang='lat' dir='ltr'><strong>ipsa</strong></span> <span class='ocrx_word' id='word_1_131' title='bbox 1659 2089 1718 2161; x_wconf 84' lang='lat' dir='ltr'><strong>ria</strong></span> <span class='ocrx_word' id='word_1_132' title='bbox 1733 2091 1891 2184; x_wconf 87' lang='lat' dir='ltr'><strong>pervenit</strong></span> <span class='ocrx_word' id='word_1_133' title='bbox 1913 2089 1956 2164; x_wconf 92' lang='lat' dir='ltr'><strong>ad</strong></span> 
     </span>
     <span class='ocr_line' id='line_1_14' title="bbox 543 2209 1955 2307; baseline 0.001 -23"><span class='ocrx_word' id='word_1_134' title='bbox 543 2213 712 2286; x_wconf 88' lang='lat' dir='ltr'><strong>cultorem</strong></span> <span class='ocrx_word' id='word_1_135' title='bbox 739 2212 833 2303; x_wconf 87' lang='lat' dir='ltr'><strong>arvi,</strong></span> <span class='ocrx_word' id='word_1_136' title='bbox 852 2227 887 2285; x_wconf 90' lang='lat' dir='ltr'><strong>et</strong></span> <span class='ocrx_word' id='word_1_137' title='bbox 903 2211 987 2284; x_wconf 91' lang='lat' dir='ltr'><strong>iude</strong></span> <span class='ocrx_word' id='word_1_138' title='bbox 1002 2209 1181 2285; x_wconf 87' lang='lat' dir='ltr'><strong>descendit</strong></span> <span class='ocrx_word' id='word_1_139' title='bbox 1202 2233 1325 2286; x_wconf 64' lang='lat' dir='ltr'><strong>vasus</strong></span> <span class='ocrx_word' id='word_1_140' title='bbox 1347 2214 1514 2286; x_wconf 79' lang='lat' dir='ltr'><strong>orientem</strong></span> <span class='ocrx_word' id='word_1_141' title='bbox 1535 2233 1629 2286; x_wconf 87' lang='lat' dir='ltr'><strong>serra</strong></span> <span class='ocrx_word' id='word_1_142' title='bbox 1651 2235 1764 2307; x_wconf 91' lang='lat' dir='ltr'><strong>usque</strong></span> <span class='ocrx_word' id='word_1_143' title='bbox 1787 2213 1835 2286; x_wconf 91' lang='lat' dir='ltr'><strong>ad</strong></span> <span class='ocrx_word' id='word_1_144' title='bbox 1855 2212 1955 2286; x_wconf 90' lang='lat' dir='ltr'><strong>linem</strong></span> 
     </span>
     <span class='ocr_line' id='line_1_15' title="bbox 543 2335 1957 2432; baseline 0 -23"><span class='ocrx_word' id='word_1_145' title='bbox 543 2335 678 2409; x_wconf 90' lang='lat' dir='ltr'><strong>culture</strong></span> <span class='ocrx_word' id='word_1_146' title='bbox 693 2335 803 2430; x_wconf 89' lang='lat' dir='ltr'><strong>ipsios</strong></span> <span class='ocrx_word' id='word_1_147' title='bbox 820 2335 895 2408; x_wconf 91' lang='lat' dir='ltr'><strong>arvi</strong></span> <span class='ocrx_word' id='word_1_148' title='bbox 913 2335 949 2406; x_wconf 92' lang='lat' dir='ltr'><strong>in</strong></span> <span class='ocrx_word' id='word_1_149' title='bbox 967 2345 1072 2431; x_wconf 90' lang='lat' dir='ltr'><strong>caput</strong></span> <span class='ocrx_word' id='word_1_150' title='bbox 1087 2335 1235 2410; x_wconf 87' lang='lat' dir='ltr'><strong>vallcuie</strong></span> <span class='ocrx_word' id='word_1_151' title='bbox 1248 2347 1283 2410; x_wconf 90' lang='lat' dir='ltr'><strong>et</strong></span> <span class='ocrx_word' id='word_1_152' title='bbox 1297 2337 1478 2412; x_wconf 82' lang='lat' dir='ltr'><strong>descendit</strong></span> <span class='ocrx_word' id='word_1_153' title='bbox 1494 2339 1586 2410; x_wconf 88' lang='lat' dir='ltr'><strong>vallo</strong></span> <span class='ocrx_word' id='word_1_154' title='bbox 1602 2358 1714 2432; x_wconf 89' lang='lat' dir='ltr'><strong>usque</strong></span> <span class='ocrx_word' id='word_1_155' title='bbox 1727 2335 1774 2410; x_wconf 90' lang='lat' dir='ltr'><strong>ad</strong></span> <span class='ocrx_word' id='word_1_156' title='bbox 1790 2337 1905 2412; x_wconf 84' lang='lat' dir='ltr'><strong>rivum</strong></span> <span class='ocrx_word' id='word_1_157' title='bbox 1924 2348 1957 2410; x_wconf 88' lang='lat' dir='ltr'><strong>et</strong></span> 
     </span>
     <span class='ocr_line' id='line_1_16' title="bbox 544 2458 1957 2554; baseline 0.001 -20"><span class='ocrx_word' id='word_1_158' title='bbox 544 2458 700 2534; x_wconf 86' lang='lat' dir='ltr'><strong>ascendit</strong></span> <span class='ocrx_word' id='word_1_159' title='bbox 717 2459 816 2532; x_wconf 85' lang='lat' dir='ltr'><strong>rivus</strong></span> <span class='ocrx_word' id='word_1_160' title='bbox 832 2481 944 2554; x_wconf 89' lang='lat' dir='ltr'><strong>usque</strong></span> <span class='ocrx_word' id='word_1_161' title='bbox 965 2459 1012 2534; x_wconf 92' lang='lat' dir='ltr'><strong>ed</strong></span> <span class='ocrx_word' id='word_1_162' title='bbox 1029 2459 1298 2534; x_wconf 81' lang='lat' dir='ltr'><strong>descendentem</strong></span> <span class='ocrx_word' id='word_1_163' title='bbox 1315 2461 1432 2535; x_wconf 81' lang='lat' dir='ltr'><strong>rivum</strong></span> <span class='ocrx_word' id='word_1_164' title='bbox 1453 2463 1567 2536; x_wconf 81' lang='lat' dir='ltr'><strong>Sancti</strong></span> <span class='ocrx_word' id='word_1_165' title='bbox 1584 2462 1800 2534; x_wconf 79' lang='lat' dir='ltr'><strong>Pantaleouis</strong></span> <span class='ocrx_word' id='word_1_166' title='bbox 1814 2473 1851 2535; x_wconf 91' lang='lat' dir='ltr'><strong>et</strong></span> <span class='ocrx_word' id='word_1_167' title='bbox 1871 2483 1957 2535; x_wconf 92' lang='lat' dir='ltr'><strong>eon·</strong></span> 
     </span>
     <span class='ocr_line' id='line_1_17' title="bbox 543 2583 1958 2684; baseline 0.002 -28"><span class='ocrx_word' id='word_1_168' title='bbox 543 2583 708 2656; x_wconf 88' lang='lat' dir='ltr'><strong>cluditur.</strong></span> <span class='ocrx_word' id='word_1_169' title='bbox 725 2584 893 2658; x_wconf 84' lang='lat' dir='ltr'><strong>Volumus</strong></span> <span class='ocrx_word' id='word_1_170' title='bbox 910 2585 1052 2682; x_wconf 89' lang='lat' dir='ltr'><strong>iusuper</strong></span> <span class='ocrx_word' id='word_1_171' title='bbox 1069 2595 1104 2659; x_wconf 91' lang='lat' dir='ltr'><strong>et</strong></span> <span class='ocrx_word' id='word_1_172' title='bbox 1120 2587 1333 2682; x_wconf 81' lang='lat' dir='ltr'><strong>precipimus</strong></span> <span class='ocrx_word' id='word_1_173' title='bbox 1349 2589 1441 2660; x_wconf 91' lang='lat' dir='ltr'><strong>utin</strong></span> <span class='ocrx_word' id='word_1_174' title='bbox 1463 2585 1661 2684; x_wconf 89' lang='lat' dir='ltr'><strong>supradicto</strong></span> <span class='ocrx_word' id='word_1_175' title='bbox 1675 2585 1862 2660; x_wconf 87' lang='lat' dir='ltr'><strong>tenimento</strong></span> <span class='ocrx_word' id='word_1_176' title='bbox 1881 2590 1958 2660; x_wconf 92' lang='lat' dir='ltr'><strong>nul·</strong></span> 
     </span>
    </p>
   </div>
   <div class='ocr_carea' id='block_1_3' title="bbox 543 2709 2142 2822">
    <p class='ocr_par' dir='ltr' id='par_1_3' title="bbox 543 2709 2142 2822">
     <span class='ocr_line' id='line_1_18' title="bbox 543 2709 2142 2822; baseline 0.002 -40"><span class='ocrx_word' id='word_1_177' title='bbox 543 2709 599 2782; x_wconf 86' lang='lat' dir='ltr'><strong>lue</strong></span> <span class='ocrx_word' id='word_1_178' title='bbox 618 2709 791 2800; x_wconf 87' lang='lat' dir='ltr'><strong>laborare,</strong></span> <span class='ocrx_word' id='word_1_179' title='bbox 808 2729 950 2804; x_wconf 89' lang='lat' dir='ltr'><strong>pascere</strong></span> <span class='ocrx_word' id='word_1_180' title='bbox 974 2721 1036 2781; x_wconf 91' lang='lat' dir='ltr'><strong>aut</strong></span> <span class='ocrx_word' id='word_1_181' title='bbox 1059 2709 1156 2784; x_wconf 89' lang='lat' dir='ltr'><strong>aliud</strong></span> <span class='ocrx_word' id='word_1_182' title='bbox 1178 2731 1268 2806; x_wconf 88' lang='lat' dir='ltr'><strong>opus</strong></span> <span class='ocrx_word' id='word_1_183' title='bbox 1291 2711 1405 2784; x_wconf 84' lang='lat' dir='ltr'><strong>lacere</strong></span> <span class='ocrx_word' id='word_1_184' title='bbox 1426 2712 1554 2786; x_wconf 89' lang='lat' dir='ltr'><strong>audeat</strong></span> <span class='ocrx_word' id='word_1_185' title='bbox 1577 2711 1709 2806; x_wconf 89' lang='lat' dir='ltr'><strong>absque</strong></span> <span class='ocrx_word' id='word_1_186' title='bbox 1732 2711 1911 2787; x_wconf 86' lang='lat' dir='ltr'><strong>voluntate</strong></span> <span class='ocrx_word' id='word_1_187' title='bbox 1925 2723 1959 2784; x_wconf 88' lang='lat' dir='ltr'><strong>et</strong></span> <span class='ocrx_word' id='word_1_188' title='bbox 2084 2803 2089 2814; x_wconf 30' lang='lat'><strong>¹</strong></span> <span class='ocrx_word' id='word_1_189' title='bbox 2141 2815 2142 2822; x_wconf 7' lang='grc' dir='ltr'>ἵ</span> 
     </span>
    </p>
   </div>
   <div class='ocr_carea' id='block_1_4' title="bbox 543 2833 1957 2932">
    <p class='ocr_par' dir='ltr' id='par_1_4' title="bbox 543 2833 1957 2932">
     <span class='ocr_line' id='line_1_19' title="bbox 543 2833 1957 2932; baseline -0.001 -24"><span class='ocrx_word' id='word_1_190' title='bbox 543 2833 682 2908; x_wconf 90' lang='lat' dir='ltr'><strong>lieentia</strong></span> <span class='ocrx_word' id='word_1_191' title='bbox 704 2833 840 2906; x_wconf 89' lang='lat' dir='ltr'><strong>abbatis</strong></span> <span class='ocrx_word' id='word_1_192' title='bbox 863 2843 898 2907; x_wconf 92' lang='lat' dir='ltr'><strong>et</strong></span> <span class='ocrx_word' id='word_1_193' title='bbox 922 2834 1067 2908; x_wconf 82' lang='lat' dir='ltr'><strong>fratrum</strong></span> <span class='ocrx_word' id='word_1_194' title='bbox 1091 2835 1289 2910; x_wconf 84' lang='lat' dir='ltr'><strong>monasterii</strong></span> <span class='ocrx_word' id='word_1_195' title='bbox 1315 2835 1525 2932; x_wconf 88' lang='lat' dir='ltr'><strong>supradicti,</strong></span> <span class='ocrx_word' id='word_1_196' title='bbox 1550 2857 1631 2910; x_wconf 89' lang='lat' dir='ltr'><strong>cum</strong></span> <span class='ocrx_word' id='word_1_197' title='bbox 1647 2836 1758 2932; x_wconf 88' lang='lat' dir='ltr'><strong>ipsius</strong></span> <span class='ocrx_word' id='word_1_198' title='bbox 1782 2836 1957 2908; x_wconf 88' lang='lat' dir='ltr'><strong>tenimenti</strong></span> 
     </span>
    </p>
   </div>
   <div class='ocr_carea' id='block_1_5' title="bbox 542 2957 1957 3182">
    <p class='ocr_par' dir='ltr' id='par_1_5' title="bbox 542 2957 1957 3182">
     <span class='ocr_line' id='line_1_20' title="bbox 542 2957 1957 3058; baseline -0.001 -26"><span class='ocrx_word' id='word_1_199' title='bbox 542 2957 783 3034; x_wconf 88' lang='lat' dir='ltr'><strong>commoditate</strong></span> <span class='ocrx_word' id='word_1_200' title='bbox 798 2959 857 3032; x_wconf 88' lang='lat' dir='ltr'><strong>alii</strong></span> <span class='ocrx_word' id='word_1_201' title='bbox 875 2960 1028 3054; x_wconf 78' lang='lat' dir='ltr'><strong>gaudere</strong></span> <span class='ocrx_word' id='word_1_202' title='bbox 1043 2981 1113 3033; x_wconf 93' lang='lat' dir='ltr'><strong>nou</strong></span> <span class='ocrx_word' id='word_1_203' title='bbox 1140 2961 1290 3034; x_wconf 88' lang='lat' dir='ltr'><strong>debeant</strong></span> <span class='ocrx_word' id='word_1_204' title='bbox 1313 2959 1378 3034; x_wconf 91' lang='lat' dir='ltr'><strong>uisi</strong></span> <span class='ocrx_word' id='word_1_205' title='bbox 1402 2961 1451 3034; x_wconf 92' lang='lat' dir='ltr'><strong>illi</strong></span> <span class='ocrx_word' id='word_1_206' title='bbox 1478 2961 1690 3057; x_wconf 89' lang='lat' dir='ltr'><strong>adquorum</strong></span> <span class='ocrx_word' id='word_1_207' title='bbox 1713 2981 1816 3032; x_wconf 90' lang='lat' dir='ltr'><strong>neom</strong></span> <span class='ocrx_word' id='word_1_208' title='bbox 1845 2961 1957 3058; x_wconf 88' lang='lat' dir='ltr'><strong>ipsum</strong></span> 
     </span>
     <span class='ocr_line' id='line_1_21' title="bbox 543 3084 1957 3182; baseline 0 -24"><span class='ocrx_word' id='word_1_209' title='bbox 543 3085 769 3158; x_wconf 89' lang='lat' dir='ltr'><strong>tenimentum</strong></span> <span class='ocrx_word' id='word_1_210' title='bbox 786 3084 832 3158; x_wconf 91' lang='lat' dir='ltr'><strong>de</strong></span> <span class='ocrx_word' id='word_1_211' title='bbox 846 3085 942 3179; x_wconf 89' lang='lat' dir='ltr'><strong>regia</strong></span> <span class='ocrx_word' id='word_1_212' title='bbox 957 3085 1022 3158; x_wconf 88' lang='lat' dir='ltr'><strong>luit</strong></span> <span class='ocrx_word' id='word_1_213' title='bbox 1035 3085 1248 3181; x_wconf 77' lang='lat' dir='ltr'><strong>benignitate</strong></span> <span class='ocrx_word' id='word_1_214' title='bbox 1263 3109 1465 3161; x_wconf 73' lang='lat' dir='ltr'><strong>couceaeum</strong></span> <span class='ocrx_word' id='word_1_215' title='bbox 1486 3097 1521 3160; x_wconf 92' lang='lat' dir='ltr'><strong>et</strong></span> <span class='ocrx_word' id='word_1_216' title='bbox 1543 3109 1637 3160; x_wconf 90' lang='lat' dir='ltr'><strong>nuuc</strong></span> <span class='ocrx_word' id='word_1_217' title='bbox 1653 3087 1700 3160; x_wconf 85' lang='lat' dir='ltr'><strong>da</strong></span> <span class='ocrx_word' id='word_1_218' title='bbox 1715 3097 1832 3160; x_wconf 83' lang='lat' dir='ltr'><strong>noetm</strong></span> <span class='ocrx_word' id='word_1_219' title='bbox 1850 3089 1957 3182; x_wconf 89' lang='lat' dir='ltr'><strong>impe·</strong></span> 
     </span>
    </p>
   </div>
   <div class='ocr_carea' id='block_1_6' title="bbox 543 3209 1966 4813">
    <p class='ocr_par' dir='ltr' id='par_1_6' title="bbox 543 3209 1966 4813">
     <span class='ocr_line' id='line_1_22' title="bbox 543 3209 1962 3310; baseline 0.003 -28"><span class='ocrx_word' id='word_1_220' title='bbox 543 3209 619 3284; x_wconf 88' lang='lat' dir='ltr'><strong>riali</strong></span> <span class='ocrx_word' id='word_1_221' title='bbox 633 3209 849 3305; x_wconf 89' lang='lat' dir='ltr'><strong>beneplacito</strong></span> <span class='ocrx_word' id='word_1_222' title='bbox 870 3231 1087 3284; x_wconf 85' lang='lat' dir='ltr'><strong>conoessum.</strong></span> <span class='ocrx_word' id='word_1_223' title='bbox 1098 3212 1149 3284; x_wconf 83' lang='lat' dir='ltr'><strong>lle</strong></span> <span class='ocrx_word' id='word_1_224' title='bbox 1168 3213 1326 3310; x_wconf 90' lang='lat' dir='ltr'><strong>ampliori</strong></span> <span class='ocrx_word' id='word_1_225' title='bbox 1342 3223 1459 3286; x_wconf 90' lang='lat' dir='ltr'><strong>autem</strong></span> <span class='ocrx_word' id='word_1_226' title='bbox 1476 3213 1587 3306; x_wconf 88' lang='lat' dir='ltr'><strong>gretia</strong></span> <span class='ocrx_word' id='word_1_227' title='bbox 1608 3213 1831 3308; x_wconf 82' lang='lat' dir='ltr'><strong>benignitatis</strong></span> <span class='ocrx_word' id='word_1_228' title='bbox 1845 3223 1962 3286; x_wconf 80' lang='lat' dir='ltr'><strong>nosue</strong></span> 
     </span>
     <span class='ocr_line' id='line_1_23' title="bbox 543 3333 1961 3433; baseline 0.001 -27"><span class='ocrx_word' id='word_1_229' title='bbox 543 3334 706 3406; x_wconf 81' lang='lat' dir='ltr'><strong>volumus</strong></span> <span class='ocrx_word' id='word_1_230' title='bbox 733 3343 768 3406; x_wconf 92' lang='lat' dir='ltr'><strong>et</strong></span> <span class='ocrx_word' id='word_1_231' title='bbox 798 3333 1005 3408; x_wconf 89' lang='lat' dir='ltr'><strong>mandamus</strong></span> <span class='ocrx_word' id='word_1_232' title='bbox 1027 3344 1067 3408; x_wconf 92' lang='lat' dir='ltr'><strong>ut</strong></span> <span class='ocrx_word' id='word_1_233' title='bbox 1090 3336 1254 3410; x_wconf 88' lang='lat' dir='ltr'><strong>animalia</strong></span> <span class='ocrx_word' id='word_1_234' title='bbox 1284 3337 1429 3433; x_wconf 84' lang='lat' dir='ltr'><strong>predicti</strong></span> <span class='ocrx_word' id='word_1_235' title='bbox 1460 3339 1657 3411; x_wconf 86' lang='lat' dir='ltr'><strong>monasterii</strong></span> <span class='ocrx_word' id='word_1_236' title='bbox 1686 3337 1794 3410; x_wconf 89' lang='lat' dir='ltr'><strong>libere</strong></span> <span class='ocrx_word' id='word_1_237' title='bbox 1822 3347 1961 3410; x_wconf 77' lang='lat' dir='ltr'><strong>mutant</strong></span> 
     </span>
     <span class='ocr_line' id='line_1_24' title="bbox 543 3459 1962 3558; baseline 0.001 -26"><span class='ocrx_word' id='word_1_238' title='bbox 543 3467 721 3556; x_wconf 85' lang='lat' dir='ltr'><strong>pesonaet</strong></span> <span class='ocrx_word' id='word_1_239' title='bbox 734 3479 838 3531; x_wconf 86' lang='lat' dir='ltr'><strong>usum</strong></span> <span class='ocrx_word' id='word_1_240' title='bbox 851 3479 942 3553; x_wconf 91' lang='lat' dir='ltr'><strong>aque</strong></span> <span class='ocrx_word' id='word_1_241' title='bbox 952 3459 989 3532; x_wconf 93' lang='lat' dir='ltr'><strong>iu</strong></span> <span class='ocrx_word' id='word_1_242' title='bbox 1001 3461 1164 3534; x_wconf 89' lang='lat' dir='ltr'><strong>omuibus</strong></span> <span class='ocrx_word' id='word_1_243' title='bbox 1177 3462 1355 3535; x_wconf 77' lang='lat' dir='ltr'><strong>territmbs</strong></span> <span class='ocrx_word' id='word_1_244' title='bbox 1363 3472 1399 3535; x_wconf 91' lang='lat' dir='ltr'><strong>et</strong></span> <span class='ocrx_word' id='word_1_245' title='bbox 1408 3463 1604 3535; x_wconf 86' lang='lat' dir='ltr'><strong>tenimentis</strong></span> <span class='ocrx_word' id='word_1_246' title='bbox 1617 3471 1723 3558; x_wconf 91' lang='lat' dir='ltr'><strong>atque</strong></span> <span class='ocrx_word' id='word_1_247' title='bbox 1732 3461 1821 3535; x_wconf 88' lang='lat' dir='ltr'><strong>locis</strong></span> <span class='ocrx_word' id='word_1_248' title='bbox 1829 3461 1962 3556; x_wconf 89' lang='lat' dir='ltr'><strong>ubique</strong></span> 
     </span>
     <span class='ocr_line' id='line_1_25' title="bbox 544 3583 1962 3682; baseline 0.001 -26"><span class='ocrx_word' id='word_1_249' title='bbox 544 3583 642 3678; x_wconf 86' lang='lat' dir='ltr'><strong>regui</strong></span> <span class='ocrx_word' id='word_1_250' title='bbox 660 3584 785 3674; x_wconf 91' lang='lat' dir='ltr'><strong>nostri,</strong></span> <span class='ocrx_word' id='word_1_251' title='bbox 803 3593 838 3658; x_wconf 92' lang='lat' dir='ltr'><strong>et</strong></span> <span class='ocrx_word' id='word_1_252' title='bbox 855 3585 975 3659; x_wconf 88' lang='lat' dir='ltr'><strong>iratres</strong></span> <span class='ocrx_word' id='word_1_253' title='bbox 1000 3586 1111 3682; x_wconf 88' lang='lat' dir='ltr'><strong>ipsius</strong></span> <span class='ocrx_word' id='word_1_254' title='bbox 1135 3585 1333 3662; x_wconf 89' lang='lat' dir='ltr'><strong>monasterii</strong></span> <span class='ocrx_word' id='word_1_255' title='bbox 1362 3610 1442 3663; x_wconf 91' lang='lat' dir='ltr'><strong>oum</strong></span> <span class='ocrx_word' id='word_1_256' title='bbox 1466 3589 1629 3662; x_wconf 90' lang='lat' dir='ltr'><strong>omuibus</strong></span> <span class='ocrx_word' id='word_1_257' title='bbox 1653 3609 1772 3662; x_wconf 91' lang='lat' dir='ltr'><strong>eorum</strong></span> <span class='ocrx_word' id='word_1_258' title='bbox 1800 3587 1901 3682; x_wconf 89' lang='lat' dir='ltr'><strong>equis</strong></span> <span class='ocrx_word' id='word_1_259' title='bbox 1926 3596 1962 3659; x_wconf 91' lang='lat' dir='ltr'><strong>et</strong></span> 
     </span>
     <span class='ocr_line' id='line_1_26' title="bbox 543 3709 1962 3809; baseline -0.001 -24"><span class='ocrx_word' id='word_1_260' title='bbox 543 3709 622 3785; x_wconf 91' lang='lat' dir='ltr'><strong>aliis</strong></span> <span class='ocrx_word' id='word_1_261' title='bbox 637 3709 844 3784; x_wconf 84' lang='lat' dir='ltr'><strong>animalibus</strong></span> <span class='ocrx_word' id='word_1_262' title='bbox 866 3709 940 3784; x_wconf 87' lang='lat' dir='ltr'><strong>soie</strong></span> <span class='ocrx_word' id='word_1_263' title='bbox 960 3711 1068 3784; x_wconf 90' lang='lat' dir='ltr'><strong>libere</strong></span> <span class='ocrx_word' id='word_1_264' title='bbox 1092 3711 1243 3786; x_wconf 88' lang='lat' dir='ltr'><strong>babeant</strong></span> <span class='ocrx_word' id='word_1_265' title='bbox 1263 3714 1462 3809; x_wconf 86' lang='lat' dir='ltr'><strong>passagium</strong></span> <span class='ocrx_word' id='word_1_266' title='bbox 1486 3715 1604 3806; x_wconf 84' lang='lat' dir='ltr'><strong>tacite,</strong></span> <span class='ocrx_word' id='word_1_267' title='bbox 1621 3723 1658 3787; x_wconf 90' lang='lat' dir='ltr'><strong>et</strong></span> <span class='ocrx_word' id='word_1_268' title='bbox 1677 3713 1722 3786; x_wconf 91' lang='lat' dir='ltr'><strong>ab</strong></span> <span class='ocrx_word' id='word_1_269' title='bbox 1740 3712 1834 3786; x_wconf 93' lang='lat' dir='ltr'><strong>omui</strong></span> <span class='ocrx_word' id='word_1_270' title='bbox 1852 3733 1962 3785; x_wconf 86' lang='lat' dir='ltr'><strong>exac-</strong></span> 
     </span>
     <span class='ocr_line' id='line_1_27' title="bbox 545 3833 1961 3936; baseline 0.002 -30"><span class='ocrx_word' id='word_1_271' title='bbox 545 3833 639 3908; x_wconf 89' lang='lat' dir='ltr'><strong>tione</strong></span> <span class='ocrx_word' id='word_1_272' title='bbox 658 3835 825 3930; x_wconf 86' lang='lat' dir='ltr'><strong>pessagil,</strong></span> <span class='ocrx_word' id='word_1_273' title='bbox 839 3835 1013 3931; x_wconf 89' lang='lat' dir='ltr'><strong>plateatici</strong></span> <span class='ocrx_word' id='word_1_274' title='bbox 1034 3835 1109 3910; x_wconf 84' lang='lat' dir='ltr'><strong>sire</strong></span> <span class='ocrx_word' id='word_1_275' title='bbox 1130 3835 1271 3932; x_wconf 88' lang='lat' dir='ltr'><strong>pedagii</strong></span> <span class='ocrx_word' id='word_1_276' title='bbox 1288 3848 1359 3911; x_wconf 91' lang='lat' dir='ltr'><strong>tam</strong></span> <span class='ocrx_word' id='word_1_277' title='bbox 1377 3861 1440 3936; x_wconf 89' lang='lat' dir='ltr'><strong>per</strong></span> <span class='ocrx_word' id='word_1_278' title='bbox 1458 3849 1613 3912; x_wconf 81' lang='lat' dir='ltr'><strong>nastrum</strong></span> <span class='ocrx_word' id='word_1_279' title='bbox 1638 3838 1838 3913; x_wconf 86' lang='lat' dir='ltr'><strong>demanium</strong></span> <span class='ocrx_word' id='word_1_280' title='bbox 1856 3851 1961 3932; x_wconf 86' lang='lat' dir='ltr'><strong>quam</strong></span> 
     </span>
     <span class='ocr_line' id='line_1_28' title="bbox 544 3960 1960 4060; baseline 0.001 -28"><span class='ocrx_word' id='word_1_281' title='bbox 544 3981 608 4060; x_wconf 88' lang='lat' dir='ltr'><strong>per</strong></span> <span class='ocrx_word' id='word_1_282' title='bbox 624 3960 710 4034; x_wconf 87' lang='lat' dir='ltr'><strong>aliae</strong></span> <span class='ocrx_word' id='word_1_283' title='bbox 725 3969 832 4034; x_wconf 88' lang='lat' dir='ltr'><strong>terras</strong></span> <span class='ocrx_word' id='word_1_284' title='bbox 849 3969 885 4034; x_wconf 91' lang='lat' dir='ltr'><strong>et</strong></span> <span class='ocrx_word' id='word_1_285' title='bbox 908 3961 983 4034; x_wconf 90' lang='lat' dir='ltr'><strong>loce</strong></span> <span class='ocrx_word' id='word_1_286' title='bbox 1007 3962 1106 4056; x_wconf 79' lang='lat' dir='ltr'><strong>regui</strong></span> <span class='ocrx_word' id='word_1_287' title='bbox 1131 3962 1255 4055; x_wconf 88' lang='lat' dir='ltr'><strong>nostri,</strong></span> <span class='ocrx_word' id='word_1_288' title='bbox 1276 3973 1366 4038; x_wconf 88' lang='lat' dir='ltr'><strong>terra</strong></span> <span class='ocrx_word' id='word_1_289' title='bbox 1382 3966 1440 4038; x_wconf 85' lang='lat' dir='ltr'><strong>vel</strong></span> <span class='ocrx_word' id='word_1_290' title='bbox 1459 3967 1565 4057; x_wconf 91' lang='lat' dir='ltr'><strong>mari,</strong></span> <span class='ocrx_word' id='word_1_291' title='bbox 1586 3975 1658 4040; x_wconf 90' lang='lat' dir='ltr'><strong>tam</strong></span> <span class='ocrx_word' id='word_1_292' title='bbox 1683 3963 1832 4037; x_wconf 90' lang='lat' dir='ltr'><strong>emendo</strong></span> <span class='ocrx_word' id='word_1_293' title='bbox 1855 3983 1960 4057; x_wconf 61' lang='lat' dir='ltr'><strong>mem</strong></span> 
     </span>
     <span class='ocr_line' id='line_1_29' title="bbox 546 4083 1961 4185; baseline -0.001 -25"><span class='ocrx_word' id='word_1_294' title='bbox 546 4083 747 4178; x_wconf 82' lang='lat' dir='ltr'><strong>vendendo,</strong></span> <span class='ocrx_word' id='word_1_295' title='bbox 763 4085 880 4160; x_wconf 91' lang='lat' dir='ltr'><strong>eundo</strong></span> <span class='ocrx_word' id='word_1_296' title='bbox 893 4095 928 4158; x_wconf 95' lang='lat' dir='ltr'><strong>et</strong></span> <span class='ocrx_word' id='word_1_297' title='bbox 940 4085 1134 4180; x_wconf 83' lang='lat' dir='ltr'><strong>redeundo,</strong></span> <span class='ocrx_word' id='word_1_298' title='bbox 1150 4097 1318 4185; x_wconf 87' lang='lat' dir='ltr'><strong>perpetuo</strong></span> <span class='ocrx_word' id='word_1_299' title='bbox 1332 4089 1404 4162; x_wconf 88' lang='lat' dir='ltr'><strong>aiut</strong></span> <span class='ocrx_word' id='word_1_300' title='bbox 1416 4089 1603 4163; x_wconf 83' lang='lat' dir='ltr'><strong>immunes.</strong></span> <span class='ocrx_word' id='word_1_301' title='bbox 1613 4087 1841 4163; x_wconf 81' lang='lat' dir='ltr'><strong>Gouoedimus</strong></span> <span class='ocrx_word' id='word_1_302' title='bbox 1858 4087 1961 4160; x_wconf 88' lang='lat' dir='ltr'><strong>etiam</strong></span> 
     </span>
     <span class='ocr_line' id='line_1_30' title="bbox 545 4208 1965 4288; baseline -0.004 -1"><span class='ocrx_word' id='word_1_303' title='bbox 545 4210 679 4287; x_wconf 83' lang='lat' dir='ltr'><strong>eisdem</strong></span> <span class='ocrx_word' id='word_1_304' title='bbox 693 4208 855 4282; x_wconf 84' lang='lat' dir='ltr'><strong>iratribus</strong></span> <span class='ocrx_word' id='word_1_305' title='bbox 877 4209 914 4282; x_wconf 94' lang='lat' dir='ltr'><strong>iu</strong></span> <span class='ocrx_word' id='word_1_306' title='bbox 934 4211 1096 4286; x_wconf 88' lang='lat' dir='ltr'><strong>omuibus</strong></span> <span class='ocrx_word' id='word_1_307' title='bbox 1113 4211 1212 4286; x_wconf 85' lang='lat' dir='ltr'><strong>terris</strong></span> <span class='ocrx_word' id='word_1_308' title='bbox 1226 4221 1262 4286; x_wconf 89' lang='lat' dir='ltr'><strong>et</strong></span> <span class='ocrx_word' id='word_1_309' title='bbox 1276 4213 1361 4286; x_wconf 90' lang='lat' dir='ltr'><strong>locis</strong></span> <span class='ocrx_word' id='word_1_310' title='bbox 1378 4215 1484 4288; x_wconf 86' lang='lat' dir='ltr'><strong>nostri</strong></span> <span class='ocrx_word' id='word_1_311' title='bbox 1509 4214 1662 4288; x_wconf 91' lang='lat' dir='ltr'><strong>demanii</strong></span> <span class='ocrx_word' id='word_1_312' title='bbox 1685 4215 1793 4286; x_wconf 90' lang='lat' dir='ltr'><strong>libere</strong></span> <span class='ocrx_word' id='word_1_313' title='bbox 1813 4211 1965 4284; x_wconf 85' lang='lat' dir='ltr'><strong>babeant</strong></span> 
     </span>
     <span class='ocr_line' id='line_1_31' title="bbox 549 4333 1965 4432; baseline -0.003 -22"><span class='ocrx_word' id='word_1_314' title='bbox 549 4334 812 4410; x_wconf 88' lang='lat' dir='ltr'><strong>declinationem</strong></span> <span class='ocrx_word' id='word_1_315' title='bbox 836 4343 871 4408; x_wconf 93' lang='lat' dir='ltr'><strong>et</strong></span> <span class='ocrx_word' id='word_1_316' title='bbox 894 4333 1038 4408; x_wconf 91' lang='lat' dir='ltr'><strong>ductum</strong></span> <span class='ocrx_word' id='word_1_317' title='bbox 1060 4357 1152 4432; x_wconf 86' lang='lat' dir='ltr'><strong>aque</strong></span> <span class='ocrx_word' id='word_1_318' title='bbox 1175 4346 1211 4411; x_wconf 91' lang='lat' dir='ltr'><strong>et</strong></span> <span class='ocrx_word' id='word_1_319' title='bbox 1235 4337 1339 4410; x_wconf 89' lang='lat' dir='ltr'><strong>eitum</strong></span> <span class='ocrx_word' id='word_1_320' title='bbox 1364 4339 1639 4413; x_wconf 89' lang='lat' dir='ltr'><strong>molendinorum</strong></span> <span class='ocrx_word' id='word_1_321' title='bbox 1663 4346 1698 4410; x_wconf 89' lang='lat' dir='ltr'><strong>et</strong></span> <span class='ocrx_word' id='word_1_322' title='bbox 1721 4337 1906 4424; x_wconf 88' lang='lat' dir='ltr'><strong>lullonum,</strong></span> <span class='ocrx_word' id='word_1_323' title='bbox 1928 4345 1965 4406; x_wconf 90' lang='lat' dir='ltr'><strong>et</strong></span> 
     </span>
     <span class='ocr_line' id='line_1_32' title="bbox 549 4458 1962 4556; baseline -0.001 -23"><span class='ocrx_word' id='word_1_324' title='bbox 549 4461 652 4534; x_wconf 91' lang='lat' dir='ltr'><strong>etiam</strong></span> <span class='ocrx_word' id='word_1_325' title='bbox 668 4459 705 4532; x_wconf 93' lang='lat' dir='ltr'><strong>in</strong></span> <span class='ocrx_word' id='word_1_326' title='bbox 723 4458 885 4532; x_wconf 84' lang='lat' dir='ltr'><strong>omuibus</strong></span> <span class='ocrx_word' id='word_1_327' title='bbox 902 4459 1099 4535; x_wconf 86' lang='lat' dir='ltr'><strong>tenimentis</strong></span> <span class='ocrx_word' id='word_1_328' title='bbox 1114 4473 1149 4536; x_wconf 90' lang='lat' dir='ltr'><strong>et</strong></span> <span class='ocrx_word' id='word_1_329' title='bbox 1165 4462 1250 4536; x_wconf 87' lang='lat' dir='ltr'><strong>locis</strong></span> <span class='ocrx_word' id='word_1_330' title='bbox 1263 4465 1362 4556; x_wconf 84' lang='lat' dir='ltr'><strong>regni</strong></span> <span class='ocrx_word' id='word_1_331' title='bbox 1379 4463 1486 4538; x_wconf 86' lang='lat' dir='ltr'><strong>nostri</strong></span> <span class='ocrx_word' id='word_1_332' title='bbox 1505 4463 1613 4537; x_wconf 89' lang='lat' dir='ltr'><strong>libero</strong></span> <span class='ocrx_word' id='word_1_333' title='bbox 1633 4461 1785 4536; x_wconf 87' lang='lat' dir='ltr'><strong>babeant</strong></span> <span class='ocrx_word' id='word_1_334' title='bbox 1805 4461 1962 4535; x_wconf 87' lang='lat' dir='ltr'><strong>venetio-</strong></span> 
     </span>
     <span class='ocr_line' id='line_1_33' title="bbox 551 4583 1961 4685; baseline -0.003 -25"><span class='ocrx_word' id='word_1_335' title='bbox 551 4606 630 4676; x_wconf 84' lang='lat' dir='ltr'><strong>nes;</strong></span> <span class='ocrx_word' id='word_1_336' title='bbox 645 4592 680 4658; x_wconf 92' lang='lat' dir='ltr'><strong>et</strong></span> <span class='ocrx_word' id='word_1_337' title='bbox 693 4584 723 4658; x_wconf 91' lang='lat' dir='ltr'><strong>si</strong></span> <span class='ocrx_word' id='word_1_338' title='bbox 740 4583 1001 4675; x_wconf 65' lang='lat' dir='ltr'><strong>inanimentis,</strong></span> <span class='ocrx_word' id='word_1_339' title='bbox 1021 4587 1197 4662; x_wconf 79' lang='lat' dir='ltr'><strong>territouis</strong></span> <span class='ocrx_word' id='word_1_340' title='bbox 1213 4598 1248 4664; x_wconf 91' lang='lat' dir='ltr'><strong>et</strong></span> <span class='ocrx_word' id='word_1_341' title='bbox 1260 4588 1344 4663; x_wconf 91' lang='lat' dir='ltr'><strong>locis</strong></span> <span class='ocrx_word' id='word_1_342' title='bbox 1355 4589 1467 4685; x_wconf 86' lang='lat' dir='ltr'><strong>ipsius</strong></span> <span class='ocrx_word' id='word_1_343' title='bbox 1481 4587 1680 4664; x_wconf 84' lang='lat' dir='ltr'><strong>monasterii</strong></span> <span class='ocrx_word' id='word_1_344' title='bbox 1693 4587 1829 4683; x_wconf 87' lang='lat' dir='ltr'><strong>aliquos</strong></span> <span class='ocrx_word' id='word_1_345' title='bbox 1841 4583 1961 4659; x_wconf 84' lang='lat' dir='ltr'><strong>venari</strong></span> 
     </span>
     <span class='ocr_line' id='line_1_34' title="bbox 551 4710 1966 4813; baseline -0.004 -24"><span class='ocrx_word' id='word_1_346' title='bbox 551 4710 749 4806; x_wconf 85' lang='lat' dir='ltr'><strong>eontigerit,</strong></span> <span class='ocrx_word' id='word_1_347' title='bbox 775 4710 877 4784; x_wconf 88' lang='lat' dir='ltr'><strong>liceat</strong></span> <span class='ocrx_word' id='word_1_348' title='bbox 898 4711 1029 4788; x_wconf 85' lang='lat' dir='ltr'><strong>eisdem</strong></span> <span class='ocrx_word' id='word_1_349' title='bbox 1054 4714 1216 4790; x_wconf 87' lang='lat' dir='ltr'><strong>tratribus</strong></span> <span class='ocrx_word' id='word_1_350' title='bbox 1239 4715 1368 4792; x_wconf 89' lang='lat' dir='ltr'><strong>babere</strong></span> <span class='ocrx_word' id='word_1_351' title='bbox 1382 4716 1595 4813; x_wconf 80' lang='lat' dir='ltr'><strong>quarterium</strong></span> <span class='ocrx_word' id='word_1_352' title='bbox 1612 4713 1814 4788; x_wconf 78' lang='lat' dir='ltr'><strong>mimalinm</strong></span> <span class='ocrx_word' id='word_1_353' title='bbox 1837 4711 1966 4784; x_wconf 85' lang='lat' dir='ltr'><strong>silves-</strong></span> 
     </span>
    </p>
   </div>
   <div class='ocr_carea' id='block_1_7' title="bbox 0 0 2175 5908">
    <p class='ocr_par' dir='ltr' id='par_1_7' title="bbox 0 0 2175 5908">
     <span class='ocr_line' id='line_1_35' title="bbox 0 0 2175 5908; baseline 0 0"><span class='ocrx_word' id='word_1_354' title='bbox 0 0 2175 5908; x_wconf 95' lang='lat' dir='ltr'><strong> </strong></span> 
     </span>
    </p>
   </div>
  </div>
 </body>
</html>
