4330 5914
544 542 607 604 ees
1049 547 1262 612 rnrnunrcr
1287 549 1460 612 sncunor
1767 547 1849 626 [atr.
1868 548 1952 610 reue

547 699 652 774 snper
666 678 733 752 hoc
746 679 951 756 invocamus
968 683 1061 757 illins
1077 685 1139 778 qui
1156 686 1300 760 rimatur
1315 694 1445 758 secreta
1462 681 1632 774 cordium,
1648 683 1823 778 quinovit
1839 685 1954 757 omnia

548 811 734 896 antequam
751 801 852 892 fiant,
869 806 966 900 quod
986 808 1022 878 in
1039 807 1123 882 fidei
1139 811 1288 905 puritate
1304 810 1369 884 boc
1384 809 1529 882 facimus
1542 816 1577 880 et
1589 805 1685 879 istud
1697 807 1799 880 vobis
1812 809 1953 881 commi·

547 925 657 998 simus
681 927 716 998 in
742 949 825 1000 vera
842 931 1050 1004 rectitudine
1066 933 1181 1006 cordis
1199 934 1319 1006 nostri.
1337 935 1380 1005 Et
1402 955 1482 1006 cnm
1504 932 1595 1004 circa
1612 931 1775 1004 bonorem
1799 941 1952 1006 nostrum

546 1061 665 1124 sancta
683 1061 791 1124 mater
804 1053 957 1128 Ecclesia
976 1057 1119 1128 sollicita
1134 1078 1269 1152 semper
1285 1058 1403 1144 fuerit,
1425 1057 1514 1130 sicut
1536 1056 1714 1146 nouimus,
1734 1063 1829 1128 tento
1853 1055 1952 1128 nobis

547 1172 650 1248 debet
666 1196 743 1248 esse
760 1199 854 1249 nnnc
868 1179 993 1252 efficax
1011 1180 1046 1250 in
1064 1178 1130 1252 boc
1148 1182 1237 1254 facto
1250 1190 1380 1276 quanto
1398 1180 1582 1276 specialius
1602 1177 1764 1251 videmur
1785 1177 1823 1252 id
1840 1180 1952 1250 facere

544 1308 685 1394 propter
700 1301 824 1372 Deum.
848 1301 948 1375 Unde
966 1303 1056 1376 sicut
1068 1304 1140 1398 jam
1156 1305 1302 1377 fecimus
1323 1315 1357 1376 et
1381 1305 1476 1378 litere
1492 1313 1607 1376 nostre
1620 1311 1851 1398 pmtestantur
1865 1323 1952 1397 quas

545 1421 717 1512 misimus,
734 1423 854 1498 iterato
871 1427 972 1500 vobis
986 1449 1066 1500 cnm
1079 1429 1174 1500 omni
1187 1427 1315 1503 fidncia
1333 1427 1578 1501 committimus
1593 1427 1722 1498 iactum
1738 1424 1847 1514 istud,
1866 1425 1953 1498 bea-

544 1544 727 1619 titudinem
748 1558 896 1622 vestram
916 1551 961 1623 de
979 1575 1050 1646 qna
1070 1550 1234 1626 fiduciam
1257 1552 1441 1647 specialem
1463 1550 1632 1624 habemus
1651 1557 1779 1622 atteme
1794 1559 1952 1644 ragentes

543 1680 716 1764 qnatenus
738 1693 842 1767 snper
866 1675 955 1748 facto
978 1675 1053 1770 ipso
1073 1675 1171 1770 qnod
1189 1677 1261 1768 jam
1285 1675 1414 1748 utiliter
1434 1674 1667 1769 assumpsistis
1683 1672 1826 1745 firmiter
1841 1683 1877 1745 et
1896 1694 1951 1746 ee·

544 1795 671 1867 curiter
684 1797 908 1890 procedentes
920 1821 1001 1871 cum
1014 1803 1100 1888 Deo,
1118 1799 1205 1872 illnd
1217 1800 1300 1873 inde
1312 1801 1436 1884 facere,
1448 1807 1597 1870 statuere
1611 1819 1652 1870 ac
1664 1796 1825 1870 ordinare
1838 1797 1952 1868 velitis

542 1917 636 2011 qnod
659 1918 706 1991 ad
720 1917 885 1994 honorem
903 1923 966 1994 Dei
982 1931 1017 1994 et
1032 1931 1150 1996 sancte
1167 1924 1320 1996 Romane
1338 1921 1508 2010 Ecclesie,
1528 1920 1663 2016 imperii
1676 1929 1781 2016 atque
1796 1928 1950 1994 nostrum

542 2044 656 2116 valeat
672 2043 888 2138 redundare,
905 2055 939 2118 et
959 2046 1137 2119 servitium
1150 2048 1252 2120 Teme
1266 2049 1388 2120 Sancte
1401 2045 1497 2142 qnod
1513 2053 1599 2118 teste
1611 2047 1683 2118 Deo
1696 2065 1743 2116 ex
1761 2044 1870 2118 nimia
1888 2043 1951 2117 de-

541 2167 683 2240 votione
697 2178 733 2240 et
749 2169 929 2242 affectione
943 2171 1058 2244 cordis
1076 2171 1259 2266 diligenter
1272 2171 1495 2268 preponimus
1513 2169 1675 2242 omnibns
1687 2168 1787 2242 factis
1804 2167 1947 2255 nostris,

542 2290 580 2362 in
606 2291 767 2384 injuriam
791 2293 914 2366 Christi
933 2305 967 2366 et
988 2294 1163 2368 christiani
1194 2295 1343 2368 nominis
1375 2294 1599 2388 ignominiam
1630 2301 1768 2388 propter
1799 2291 1865 2364 boc
1889 2311 1950 2364 ne-

540 2427 646 2509 queat
664 2415 842 2512 impediri;
864 2413 1028 2513 qnoniam
1042 2419 1216 2513 quidquid
1234 2419 1419 2492 statueritis
1438 2419 1483 2492 de
1499 2417 1775 2491 reconciliatione
1796 2415 1951 2512 predicta

539 2547 653 2612 ratum
670 2548 705 2612 et
725 2551 861 2635 gratnm
887 2541 1093 2615 babebimus
1109 2553 1143 2616 et
1154 2544 1257 2634 Juxta
1274 2543 1525 2638 pmvidentiam
1544 2550 1580 2614 et
1600 2539 1849 2613 ordinationem
1865 2559 1950 2611 ves-

540 2672 628 2736 tram
650 2663 918 2739 confirmationis
939 2665 1068 2740 litteras
1092 2677 1127 2741 et
1153 2669 1279 2764 scripta
1297 2666 1428 2740 exinde
1445 2666 1629 2758 faciemus,
1650 2665 1697 2736 ita
1715 2673 1755 2735 nt
1770 2683 1950 2756 nunqnam

540 2787 599 2883 pia
625 2797 733 2864 mater
759 2791 910 2864 Ecclesia
937 2792 1165 2887 assumpsisse
1187 2815 1293 2888 snper
1314 2814 1352 2864 se
1375 2791 1526 2888 peniteat
1545 2811 1635 2862 onus
1661 2788 1773 2879 istud,
1797 2787 1860 2860 sed
1886 2805 1950 2881 pro

540 2911 642 2984 nobis
656 2913 771 3008 potius
789 2923 954 3008 tanquam
969 2937 1031 3009 pro
1045 2915 1184 3010 speciali
1200 2914 1284 3002 titio,
1295 2915 1324 2986 si
1340 2935 1481 2987 necesse
1494 2912 1609 3004 fuerit,
1621 2913 1752 3004 majora
1766 2910 1878 2982 facere
1894 2917 1949 2980 te-

540 3045 673 3110 neatur.
691 3039 727 3110 Si
741 3060 826 3110 vero
841 3035 902 3111 ubi
917 3039 1132 3112 humiliando
1148 3060 1211 3111 nos
1229 3049 1368 3134 propter
1383 3041 1491 3110 Deum
1512 3035 1653 3109 arbitrio
1670 3043 1705 3106 et
1722 3031 1889 3106 voluntati
1907 3052 1949 3104 ac

537 3159 748 3233 ordinationi
764 3170 878 3233 vestre
893 3161 1127 3234 commisimus
1141 3163 1269 3233 iactum
1284 3161 1391 3252 istud,
1401 3160 1584 3234 lombardi
1602 3158 1756 3244 forsitan,
1767 3155 1862 3249 quod
1878 3175 1946 3228 non

537 3281 730 3375 credimus,
745 3283 953 3357 ordinationi
969 3295 1083 3359 vestre
1094 3307 1215 3382 parere
1227 3286 1416 3376 noluerint,
1434 3284 1634 3381 suppliciter
1652 3301 1815 3376 rogamus
1832 3288 1868 3352 et
1888 3300 1947 3374 pe-

535 3407 642 3478 timus
659 3416 699 3478 ut
712 3408 823 3480 Deum
840 3418 875 3481 et
892 3409 1091 3505 patientiam
1115 3418 1266 3482 nostram
1286 3409 1452 3482 habentes
1475 3431 1536 3504 pra
1555 3407 1664 3481 oculis
1681 3403 1776 3499 qnod
1793 3412 1946 3476 vestrum

536 3540 590 3604 est
603 3530 733 3606 exinde
749 3533 860 3606 facere
878 3533 1045 3608 debeatis.
1067 3534 1223 3607 Ceterum
1240 3533 1415 3628 quidquid
1435 3553 1539 3628 super
1554 3531 1620 3604 boc
1633 3540 1667 3602 et
1680 3529 1757 3600 aliis
1772 3526 1947 3623 predictus

535 3655 698 3750 Tyrensis
720 3658 818 3750 regni
837 3657 1134 3754 Hierosolymitani
1152 3656 1377 3730 cancellarius
1390 3665 1424 3728 et
1438 3657 1476 3727 L.
1498 3655 1650 3749 Reginus
1667 3649 1946 3745 archiepiscopus

536 3799 578 3851 ac
594 3789 804 3853 memoratus
819 3782 994 3876 magister,
1007 3781 1123 3855 dilecti
1141 3781 1324 3853 familiares
1339 3788 1374 3852 et
1390 3777 1510 3852 fideles
1522 3776 1645 3868 nostri,
1656 3779 1832 3870 exponent
1846 3769 1946 3843 vobis

534 3912 695 3978 oretenus
713 3927 759 3978 ex
777 3915 875 4001 parte
889 3915 1016 3998 nostra,
1032 3905 1127 3978 illam
1145 3903 1309 3978 fiduciam
1324 3903 1440 3977 verbis
1452 3913 1487 3976 et
1502 3901 1604 3975 dictis
1617 3921 1737 3973 eorum
1753 3893 1947 3969 adhibeatis

533 4028 563 4102 si
580 4031 706 4125 placet,
726 4029 774 4102 ita
791 4029 841 4102 eis
858 4029 1000 4103 firmiter
1013 4041 1047 4102 et
1062 4051 1184 4103 secure
1197 4029 1357 4120 credatis,
1376 4038 1541 4122 tanquam
1554 4025 1583 4099 si
1599 4025 1731 4121 prolatu
1747 4021 1813 4094 hec
1828 4019 1875 4092 ab
1886 4037 1947 4091 ora

532 4162 649 4226 nostro
665 4153 890 4249 personaliter
906 4153 1086 4226 audiretis.

579 4279 705 4350 Datum
720 4277 843 4374 Fogie,
865 4277 957 4352 XVII
975 4279 1032 4353 die
1048 4278 1260 4363 novembris,
1277 4277 1340 4350 XV
1353 4276 1553 4351 indictione.
