4326 5910
549 555 611 620 838
1076 552 1247 616 llElllllCl
1272 553 1438 616 suurltit
1776 553 1857 640 [Au.
1877 555 1964 620 1295.

554 703 635 768 aute
650 689 855 766 Cathedram
873 688 966 764 beati
980 690 1069 764 Petri
1082 689 1148 788 (l),
1164 699 1268 786 prout
1284 691 1386 764 nobis
1401 691 1576 788 promisit;
1597 702 1633 765 et
1649 691 1769 766 habito
1787 705 1872 766 tuno
1887 715 1965 768 enm

553 841 597 894 eo
622 825 786 909 tractatu,
814 815 952 890 fidelem
976 817 1137 891 nuntium
1165 817 1266 890 vobis
1291 814 1543 890 doetinahimus
1568 817 1714 912 quiere
1733 817 1850 892 omnia
1868 819 1967 894 vobis

553 945 645 1020 serio
667 941 848 1018 revelabit.
873 942 1029 1018 Ceterum
1057 942 1186 1036 solatis,
1205 941 1362 1035 domiue,
1381 942 1478 1037 quod
1503 941 1666 1018 dominns
1687 943 1967 1040 archiepiscopus

555 1071 603 1144 ita
620 1068 772 1164 loquitur
790 1067 836 1142 de
855 1069 994 1164 negotio
1015 1077 1130 1142 vestro
1154 1091 1196 1144 no
1213 1067 1243 1142 si
1261 1089 1323 1166 per
1340 1067 1428 1142 illud
1447 1067 1604 1142 debeatis
1619 1077 1725 1142 totam
1741 1077 1867 1142 terram
1885 1091 1967 1144 res-

557 1208 644 1269 tram
671 1193 833 1268 amissam
860 1215 1081 1291 recuperare,
1101 1203 1136 1268 et
1158 1215 1228 1269 uon
1251 1193 1425 1268 credimus
1440 1193 1537 1289 quod
1560 1216 1623 1290 per
1637 1193 1827 1268 oblationes
1845 1196 1883 1268 in
1905 1217 1966 1291 po·

524 1391 527 1400 ,
556 1329 680 1395 testate
711 1328 828 1392 nostra
853 1340 915 1416 per
938 1319 1207 1416 chirographum
1232 1320 1335 1394 uobis
1368 1319 1532 1394 uaditum
1559 1321 1687 1416 positas
1715 1321 1824 1417 possit
1848 1319 1968 1417 perlici

557 1455 709 1538 tautane
726 1453 841 1519 tamen
859 1443 963 1519 mute
973 1445 1122 1519 Domino
1135 1445 1301 1520 iaciemus
1312 1445 1410 1542 qnod
1422 1467 1492 1520 nou
1506 1445 1656 1542 patietur
1666 1445 1965 1542 interruptionem.

556 1571 787 1648 Caneellurins
804 1591 888 1645 vero
905 1578 941 1644 et
958 1569 1120 1644 mnium
1137 1569 1299 1644 Nioolaus
1322 1569 1408 1644 socii
1433 1570 1539 1646 nostri
1563 1579 1736 1648 venerunt
1758 1570 1818 1644 die
1833 1569 1970 1644 sabbati

556 1707 636 1797 post
647 1718 821 1773 recessum
835 1695 966 1771 domiui
977 1695 1240 1792 archiepisoopi,
1251 1717 1357 1790 quam
1371 1695 1559 1792 plurimum
1571 1695 1719 1792 fatigati,
1732 1695 1817 1770 etin
1830 1718 1969 1772 reeassu

557 1823 673 1901 latomo
691 1824 902 1922 presentium
924 1843 1048 1897 versus
1066 1821 1192 1896 duoem
1215 1820 1353 1895 dustria
1373 1842 1443 1894 uon
1462 1832 1719 1918 prooesserunt;
1740 1844 1806 1896 nee
1827 1822 1972 1919 expedit

558 1953 645 2028 lorte
661 1959 742 2026 aute
761 1949 953 2024 adventum
977 1947 1110 2022 domini
1135 1947 1400 2044 arehiepiseopi,
1421 1947 1587 2042 quoniam
1612 1948 1695 2022 lieet
1712 1948 1843 2022 miserit
1861 1947 1971 2020 lilium

558 2078 669 2176 ipsius
687 2076 788 2153 dnois
802 2074 848 2150 ad
866 2096 946 2148 eum
962 2097 1043 2148 oum
1066 2074 1230 2168 magistro
1246 2094 1311 2146 suo
1327 2095 1390 2169 pro
1408 2073 1549 2168 uogmio
1561 2073 1635 2166 illo,
1651 2083 1765 2148 omen
1784 2097 1865 2148 oum
1881 2097 1972 2148 unu·

559 2206 617 2280 tiis
630 2203 754 2306 vestris
767 2200 1059 2296 dixitquodalios
1073 2200 1219 2274 nuncios
1231 2200 1397 2292 mitteret3
1412 2209 1447 2274 et
1464 2199 1548 2274 dieti
1561 2200 1673 2272 nuntii
1689 2200 1810 2294 vestri,
1830 2213 1973 2298 aceepta

561 2329 724 2425 temporis
739 2327 993 2423 opportunitate
1014 2335 1049 2402 et
1067 2327 1167 2423 equis
1188 2328 1262 2400 suis
1277 2327 1455 2418 recreatis,
1475 2347 1612 2423 semper
1629 2327 1778 2423 prompti
1800 2337 1904 2400 eruut
1926 2326 1973 2400 ad

560 2451 847 2554 proficiscendum
863 2449 929 2550 (2).
949 2453 1105 2528 Preterea
1124 2452 1266 2526 videtur
1285 2453 1386 2528 uobis
1399 2451 1496 2548 quod
1514 2452 1652 2548 negotia
1667 2461 1782 2528 vestra
1804 2474 1876 2526 non
1894 2475 1974 2527 mo-

561 2580 676 2656 dicam
697 2585 836 2652 sument
853 2575 1070 2670 diladomm3
1096 2579 1261 2674 magister
1276 2599 1360 2652 vero
1375 2577 1506 2674 Templi
1529 2577 1652 2652 militie
1676 2587 1712 2651 et
1726 2579 1821 2675 prior
1844 2578 1974 2674 Hospi-

560 2704 639 2782 talis
656 2703 852 2778 uudaoeuus
880 2703 970 2777 ultra
995 2704 1126 2778 Paeoha
1149 2725 1281 2778 moram
1307 2703 1433 2778 iaoieut
1452 2705 1489 2776 iu
1511 2703 1667 2802 panibus
1693 2701 1886 2778 Alemanie.
1906 2703 1974 2776 lm·

560 2832 706 2906 minoret
734 2827 863 2902 etenim
887 2828 939 2902 eis
962 2829 1155 2926 periculum
1176 2829 1331 2924 ordinis,
1359 2850 1441 2904 eum
1465 2838 1620 2926 oporteat
1645 2851 1706 2904 eos
1733 2829 1885 2926 capitula
1909 2851 1974 2904 sua

559 2958 733 3034 eelebrare
747 2965 783 3030 et
797 2955 980 3051 pecaniam
992 2955 1028 3028 iu
1047 2957 1185 3030 Terram
1197 2956 1357 3030 Sanom
1369 2977 1450 3028 oum
1466 2955 1628 3030 iratribus
1641 2955 1716 3028 suis
1729 2954 1971 3030 transmittere.

559 3085 629 3160 Nos
654 3083 757 3156 etiam
785 3080 948 3156 oontiuun
974 3079 1171 3156 infirmitate
1194 3081 1430 3156 laboravimus
1452 3090 1487 3156 et
1510 3083 1628 3179 plures
1650 3103 1761 3177 equoe
1786 3082 1822 3154 in
1850 3082 1974 3156 itinere

559 3209 738 3284 amisimus
755 3215 931 3302 totamque
953 3209 1025 3282 lere
1046 3209 1229 3304 pecuniam
1254 3229 1361 3304 mam
1385 3209 1487 3282 nobis
1508 3205 1698 3282 tradidistis
1722 3206 1972 3304 expendimus.

560 3335 837 3428 Qualesenmque
853 3332 959 3424 igilur
977 3333 1104 3422 simus,
1130 3355 1256 3408 nomen
1276 3334 1430 3432 episoopi
1452 3335 1622 3410 habemus
1643 3343 1680 3408 et
1700 3355 1821 3408 omues
1839 3335 1887 3408 ad
1910 3355 1976 3408 uos

599 3643 634 3721 (l)
652 3645 761 3704 Festum
782 3643 931 3704 cathedrae
951 3645 983 3703 B.
1004 3644 1077 3702 Petri
1095 3645 1123 3702 iu
1140 3643 1282 3704 Antiochia
1299 3645 1371 3720 apud
1388 3643 1569 3704 calendarium
1583 3650 1661 3703 raus
1673 3644 1801 3703 eeclesiae
1816 3643 1977 3720 Augioenae

561 3746 590 3805 in
602 3749 638 3806 22
650 3744 768 3803 lebruar.
781 3744 925 3803 lucidabat.
941 3743 1017 3819 (Vide
1032 3744 1362 3817 Grammion-Fronto,
1379 3743 1444 3802 aliid.
1459 3743 1487 3800 iu
1500 3741 1686 3820 praelatione.)

597 3853 632 3929 (2]
651 3852 694 3912 Ad
713 3867 771 3912 rem
784 3852 865 3912 istam
877 3851 985 3912 viustm
1000 3851 1135 3927 matinere
1149 3851 1217 3912 haec
1235 3851 1311 3912 dudo
1326 3851 1452 3910 Autome
1470 3851 1596 3926 epistola,
1611 3855 1643 3908 ut
1654 3851 1793 3926 multu:
1807 3849 1936 3908 «Dilecto
1948 3857 1977 3909 et

561 3973 574 4010 a
590 3951 700 4028 spetiali
712 3952 799 4010 amieo
812 3967 861 4011 suo
872 3952 907 4010 ll.
918 3951 1065 4026 morum
1077 3953 1148 4028 regi,
1161 3959 1226 4026 ete,
1240 3953 1270 4012 L.
1280 3951 1335 4010 dux
1348 3950 1457 4010 dustria
1470 3957 1498 4010 et
1510 3949 1614 4028 styrie,
1626 3957 1680 4010 eto.
1688 3951 1780 4026 Nuper
1788 3949 1879 4008 uunoii
1892 3951 1977 4010 vesun·

563 4068 652 4110 soum
667 4049 819 4108 serenitatis
837 4054 929 4107 vestm
948 4047 1044 4107 litteris
1063 4049 1098 4108 ad
1117 4057 1237 4109 nostram
1251 4051 1416 4125 presentiam
1428 4055 1616 4123 secesserunt,
1630 4067 1680 4125 per
1692 4065 1761 4124 quos
1775 4049 1854 4108 nobis
1874 4049 1978 4108 lecistis

563 4155 717 4209 »mnstare
729 4147 764 4206 de
777 4147 833 4206 lilia
852 4154 945 4206 nostra
959 4148 1038 4206 vobis
1056 4147 1288 4208 matrimonialiter
1301 4149 1460 4224 copulanda.
1483 4149 1517 4208 at
1534 4165 1629 4210 raum
1648 4149 1758 4225 quidem
1778 4163 1839 4208 esse
1861 4149 1977 4207 hamur

562 4255 696 4309 »nosnos
707 4245 785 4306 vobis
802 4262 884 4322 super
902 4247 955 4306 lroo
969 4247 1076 4322 negotio
1088 4247 1205 4322 alioquin
1222 4248 1334 4308 nunoios
1348 4247 1495 4308 munros
1506 4247 1623 4324 [luissa];
1638 4247 1709 4308 unde
1720 4254 1749 4307 ot
1759 4248 1847 4307 adhue
1858 4255 1975 4307 vesuanr

561 4365 576 4402 s
591 4361 670 4406 nosse
683 4345 808 4422 cupimus
821 4345 1006 4406 excellentiam
1016 4346 1090 4421 quod
1099 4362 1208 4406 omnam
1226 4347 1305 4421 huius
1318 4347 1382 4406 laeti
1392 4363 1549 4424 prooessum
1560 4347 1589 4406 iu
1600 4347 1708 4424 domim
1720 4347 1871 4407 Cdouiorsi
1888 4347 1976 4406 aohi-

564 4446 719 4520 »episeopo
733 4445 879 4506 looavimue
894 4450 923 4502 et
942 4445 1091 4521 posuimus.
1106 4445 1136 4504 ld
1156 4461 1264 4521 quoque
1278 4463 1327 4508 vos
1346 4447 1417 4506 stim
1435 4447 1528 4508 verius
1540 4447 1682 4523 eripientes
1693 4447 1768 4522 quod
1781 4447 1863 4523 ploro
1879 4447 1909 4504 in
1927 4447 1977 4505 hau

564 4543 729 4602 »voluntate
749 4543 920 4620 pemlstimus
938 4545 1010 4618 quod
1031 4544 1096 4602 nulli
1115 4544 1255 4604 hominum
1273 4545 1361 4619 mapa
1376 4545 1500 4606 mimus
1512 4547 1650 4622 mupeqrre
1665 4561 1746 4620 quan
1759 4545 1838 4606 robis
1852 4545 1975 4620 orpimue

564 4661 578 4698 ι
592 4643 712 4718 copulari
729 4659 778 4718 per
795 4643 875 4702 talem
887 4642 1023 4702 affinitatis
1034 4643 1170 4718 copulam,
1185 4643 1233 4718 qui
1246 4650 1275 4704 et
1286 4660 1397 4719 semper
1409 4645 1509 4706 nosue
1522 4644 1601 4704 vobis
1613 4644 1826 4707 desideravimus
1839 4643 1975 4717 obsequie

564 4760 578 4796 s
593 4741 918 4818 applicarivaletmp.
927 4743 987 4802 Vua
1001 4743 1138 4817 llaruuaa,
1153 4745 1267 4818 depost,
1282 4761 1309 4818 p.
1322 4747 1384 4818 tlt,
1394 4757 1426 4804 n⁰
1435 4747 1539 4818 ttae:
1551 4743 1630 4820 eopia
1640 4743 1668 4802 in
1680 4743 1756 4804 arola.
1766 4741 1974 4802 vindobonensi.
