4326 5910
244 607 347 667 lmrcr.
366 602 425 686 12]
695 601 893 663 lllsrolllA
917 599 1207 664 nlrlollllllclt.
1598 599 1659 662 803

325 767 420 843 (Edit.
442 767 474 826 ln
497 764 625 826 Motene
648 764 741 846 Bois,
761 771 785 827 t.
804 765 905 842 v1,p.
920 773 996 839 etl,
1012 772 1210 828 etmemoral.
1230 765 1349 841 tudem,
1369 773 1393 829 t.
1413 768 1515 842 XXX,
1530 783 1600 846 pers
1616 776 1655 842 1¹,

367 889 399 950 p.
423 881 488 934 1²⁵.
510 873 605 950 sigilli
623 889 642 934 a
660 878 743 951 tergo
754 873 903 950 appressl,
916 871 997 950 quod
1013 888 1069 950 ope
1087 876 1230 954 segmenti
1246 875 1464 936 membranacei
1484 873 1658 936 adstrictum

366 987 439 1052 erat,
454 996 515 1040 non
525 981 583 1039 nlsl
594 995 664 1058 pars
677 980 793 1040 minute
805 977 917 1055 rmtal.)

297 1167 479 1240 Heinricus
493 1165 557 1240 liei
575 1167 684 1261 gratia
710 1167 940 1240 Romanorum
959 1188 1044 1260 rex,
1072 1188 1207 1266 semper
1225 1177 1411 1264 augustus,
1435 1166 1569 1241 dilectis
1590 1166 1656 1241 sibi

250 1291 295 1363 de
312 1289 534 1385 Slaingadem
552 1299 587 1362 et
613 1290 824 1364 Reitsubuch
842 1291 1023 1388 prepositis
1041 1301 1075 1364 et
1093 1291 1319 1366 conventibus
1339 1291 1492 1391 ipsorum
1513 1291 1657 1386 gratiam

251 1421 401 1486 suamet
422 1433 525 1486 omne
549 1411 693 1486 bonum.
720 1413 945 1506 Intelligimus
964 1414 1058 1508 quod
1082 1415 1169 1488 inira
1187 1410 1328 1490 uem'ora
1350 1411 1451 1487 vobis
1468 1413 1661 1506 adJacentia

253 1559 323 1631 quc
339 1546 409 1609 tam
427 1537 581 1610 ecclesiis
601 1537 721 1609 restris
735 1559 840 1632 quam
858 1537 958 1610 uobis
974 1537 1158 1632 pertinent,
1177 1561 1321 1633 magnas
1338 1536 1538 1612 insolentias
1558 1561 1659 1612 exer·

253 1661 406 1753 cueritis,
426 1685 465 1734 ea
486 1683 701 1757 supervacue
718 1661 928 1758 precidendo
949 1672 984 1734 et
1010 1663 1252 1759 exstirpando,
1274 1663 1456 1736 novalibus
1474 1663 1509 1734 in
1528 1664 1579 1737 eis
1599 1686 1661 1761 per

255 1805 318 1858 vos
332 1787 535 1859 constructis
554 1795 588 1858 et
610 1786 780 1859 casalibus
803 1787 920 1860 locatis
942 1796 976 1860 et
994 1810 1015 1860 a
1031 1787 1135 1861 fidele
1151 1797 1267 1861 nostro
1290 1787 1331 1860 G.
1355 1789 1400 1862 de
1417 1787 1582 1872 Crozoob;
1603 1789 1661 1860 in-

256 1931 360 2006 super
384 1910 482 2006 quod
508 1909 553 1983 de
582 1910 736 1984 terminis
760 1911 913 2008 ipsorum
944 1935 1123 1986 nemorum
1155 1911 1355 1987 indecenter
1375 1913 1511 2008 litigare
1537 1935 1662 2010 presu-

256 2034 370 2108 matis.
396 2035 564 2122 Quocirca
589 2035 715 2110 dilecto
732 2044 767 2110 et
786 2035 945 2110 familiari
965 2037 1114 2134 principi
1138 2045 1253 2111 nostro
1274 2035 1485 2130 Augustensi
1502 2038 1663 2134 episcopo

257 2159 474 2251 injunximus
487 2169 528 2232 nt
540 2163 655 2234 omnia
671 2161 796 2233 casalis
809 2169 845 2235 et
859 2161 981 2235 horree
997 2170 1058 2234 aut
1072 2162 1226 2256 quelibet
1242 2160 1380 2235 edificia
1394 2161 1430 2232 in
1449 2161 1501 2235 eis
1514 2171 1583 2235 tam
1603 2183 1663 2258 per

259 2305 323 2356 vos
337 2307 442 2379 quam
463 2307 525 2382 per
542 2285 733 2381 predictum
751 2284 791 2356 G.
814 2295 1008 2360 constructa
1032 2286 1172 2382 penitus
1192 2284 1323 2359 destrui
1345 2295 1380 2359 et
1396 2285 1557 2360 incendio
1578 2307 1661 2359 con·

258 2407 371 2497 sumi,
387 2409 598 2484 removendo
613 2409 659 2484 ab
674 2410 726 2482 eis
740 2408 986 2502 inhabitantes,
1004 2411 1106 2483 iaciat
1123 2409 1339 2506 perfidelem
1362 2419 1516 2482 nosuum
1537 2431 1666 2506 prepo-

259 2532 366 2606 situm
392 2533 437 2606 de
457 2533 666 2628 Moringem,
683 2533 741 2606 cui
758 2532 795 2606 id
813 2533 965 2606 strictius
991 2533 1155 2608 dedimus
1183 2534 1219 2606 iu
1246 2532 1431 2608 mandetis.
1458 2533 1667 2629 Precipimus

260 2657 363 2730 etiam
391 2667 431 2729 ul
451 2657 525 2753 ipse
547 2657 731 2754 episcopus
757 2667 791 2732 et
814 2657 1008 2754 prepositus
1027 2667 1158 2750 noster,
1178 2657 1364 2754 assumptis
1387 2657 1477 2732 intre
1503 2657 1668 2735 viciniam

261 2781 371 2876 ipsum
389 2783 545 2855 officiatis
564 2782 690 2855 nostris
709 2784 754 2856 de
771 2782 931 2878 Soongov
946 2796 981 2855 et
996 2785 1109 2856 Buren
1132 2791 1166 2856 et
1186 2783 1263 2856 aliis
1279 2804 1367 2877 quos
1385 2782 1539 2856 viderint
1556 2801 1670 2880 expe-

262 2905 354 2995 dire,
368 2905 470 2979 vobis
482 2908 692 3000 convocatis,
712 2907 757 2981 de
774 2929 815 2980 ea
828 2907 887 2980 lits
903 2908 968 3003 ipsi
982 2913 1190 3003 cognoscant
1201 2915 1236 2980 et
1248 2905 1317 2980 line
1334 2905 1452 2980 debito
1469 2908 1665 2999 terminent,

261 3029 442 3125 utriusque
458 3031 601 3104 ecclesie
612 3033 671 3124 jus
689 3053 791 3104 suum
810 3040 845 3104 et
862 3031 961 3104 nobis
977 3040 1130 3105 noslmm
1148 3028 1375 3126 exprimendo
1389 3039 1425 3103 et
1437 3051 1578 3104 nemora
1594 3030 1670 3126 ipsa

262 3155 299 3226 in
321 3156 497 3228 meliorem
522 3157 690 3230 caumlam
718 3155 973 3230 committendo.
1004 3154 1210 3230 Mandamus
1233 3154 1339 3250 igitur
1363 3154 1465 3227 vobis
1487 3153 1554 3227 sub
1579 3175 1670 3250 pena

263 3279 372 3374 gratie
393 3289 508 3353 nostre
526 3281 755 3376 precipientes
777 3289 815 3352 ut
834 3279 1001 3376 jamdicto
1025 3280 1187 3375 episcopo
1206 3287 1242 3353 et
1262 3280 1435 3376 preposito
1458 3279 1495 3351 iu
1518 3278 1587 3351 biis
1609 3301 1671 3376 per

263 3403 380 3477 omnia
400 3403 476 3477 sitis
501 3403 702 3479 obedientes
718 3431 728 3476 ε
744 3403 874 3478 scilicet
890 3404 985 3498 quod
1010 3403 1179 3500 quicquid
1207 3402 1297 3477 inter
1322 3424 1385 3476 vos
1414 3401 1580 3476 duxerint
1601 3411 1671 3479 sta·

263 3528 452 3622 tuendum,
470 3529 500 3602 si
516 3529 595 3625 quis
610 3539 680 3604 tam
696 3531 847 3627 capitum
865 3551 970 3624 quam
986 3529 1219 3603 membrorum
1234 3537 1269 3602 et
1286 3527 1537 3624 mancipiorum
1551 3527 1588 3600 iu
1605 3527 1673 3601 hiis

263 3651 400 3726 rebellis
414 3654 529 3746 luerit,
544 3654 659 3751 ipsum
677 3657 722 3728 ab
740 3655 825 3751 ipsis
841 3653 1090 3728 removendum
1104 3651 1259 3727 ecclesiis
1276 3651 1516 3726 ordinabimus
1532 3663 1568 3727 et
1582 3675 1673 3751 pena

264 3775 381 3850 debita
396 3777 625 3873 puniendum.

239 3960 244 3969 .
311 3901 436 3973 Datum
452 3901 547 3998 apud
569 3899 819 3992 Nuremberch,
841 3903 916 3974 Vlll
935 3899 1102 3976 kalendas
1122 3903 1278 3996 augusti,
1305 3901 1495 3977 indictione
1511 3903 1619 4001 xlv(
1644 3903 1671 4003 ).

301 4205 338 4282 (t)
356 4210 415 4281 Sic,
428 4209 476 4267 sed
491 4210 629 4285 scriptoris
642 4211 700 4268 sive
712 4211 870 4286 typographi
883 4211 1032 4270 oscitantia.
1046 4212 1135 4282 Quum
1150 4212 1221 4270 euim
1237 4211 1354 4272 editores
1365 4213 1599 4272 lienumentorum
1613 4213 1673 4273 eoi·

266 4319 358 4362 corum
380 4305 432 4380 ipsi
449 4314 574 4366 moneant
591 4307 764 4368 indictionem
784 4309 929 4368 indicatam
946 4325 1018 4368 auno
1035 4309 1100 4368 Chr.
1120 4313 1189 4370 litt
1203 4311 1380 4386 respondere,
1396 4311 1569 4371 indictionem
1581 4313 1633 4370 XII
1644 4312 1673 4370 in

266 4401 385 4477 originali
395 4405 468 4479 quod
482 4405 638 4465 describunt
647 4415 721 4466 recle
733 4409 818 4467 notan
831 4408 1000 4467 arbitremur.
