4330 5914
196 601 297 662 rnre.
315 598 381 677 ro]
650 539 849 652 nrsronrn
873 589 1167 656 nrreonrrrcn.

414 887 929 900 mm
935 883 1399 900 *mm-affl

252 1183 452 1284 Henricus,
467 1187 729 1272 liomanomm
743 1213 825 1296 rex,
841 1198 973 1272 notam
989 1187 1081 1274 iacit
1095 1187 1409 1298 compositionem
1423 1185 1615 1270 mediante
1707 1265 1720 1296 ⁸
1784 1230 1804 1296 ,¹

199 1316 430 1429 Engelberto
450 1319 666 1406 Coloniensi
684 1321 967 1432 archiepiscopo
984 1321 1120 1406 initam
1137 1323 1236 1406 inter
1253 1321 1420 1404 Tiricum
1436 1319 1614 1404 Dunres-

199 1452 278 1534 tein
292 1461 331 1536 et
346 1452 543 1538 ecclesium
557 1454 775 1565 Aquensem
794 1483 908 1567 super
930 1457 1088 1540 decimis
1101 1465 1139 1540 et
1152 1455 1237 1540 aliis
1250 1455 1362 1540 honis
1379 1481 1467 1565 quae
1482 1454 1616 1538 eadem

199 1585 362 1670 ecclesia
378 1587 494 1672 hebet
510 1590 615 1698 apud
631 1590 773 1701 Sinzig.

282 1801 381 1874 (Edid.
396 1803 494 1878 Qum,
510 1800 583 1864 θοὰ
600 1800 751 1884 dphmat.
769 1802 928 1886 Aquensis,
940 1823 972 1886 p.
988 1816 1041 1881 uo,
1057 1815 1092 1868 ιι·
1107 1815 1174 1868 ist.
1190 1806 1236 1868 Ex
1255 1805 1391 1886 originali
1404 1804 1485 1884 apud
1497 1805 1619 1868 Dbssel·

323 1906 392 1970 dori
402 1910 511 1988 pendet
523 1911 653 1990 sigillum
666 1929 740 1990 pene
751 1911 911 1994 illaesum.)

251 2095 436 2172 Hdnricus
455 2097 622 2194 septimus
639 2100 870 2173 Romanorum
886 2122 951 2174 rex
965 2111 1002 2176 et
1022 2121 1158 2198 semper
1175 2110 1362 2196 augustus,
1378 2102 1543 2176 omnibus
1560 2123 1621 2176 cr·

201 2219 359 2296 thodoxe
374 2221 458 2297 fidei
474 2224 511 2296 in
535 2233 754 2320 perpetuum.
773 2225 943 2300 Presentis
964 2226 1022 2300 evi
1037 2235 1071 2300 et
1087 2235 1166 2322 post
1182 2227 1308 2299 futuris
1321 2225 1444 2298 Christi
1461 2225 1622 2299 fidelibus

201 2347 371 2422 volumus
390 2348 570 2424 innoscere
586 2349 682 2444 quod
700 2372 781 2423 cum
795 2351 929 2423 'siricus
946 2351 1151 2424 Duurestein
1171 2351 1216 2424 de
1234 2353 1371 2446 Siuizge
1390 2351 1542 2426 decimas
1559 2373 1622 2424 seu

203 2473 274 2547 aliu
300 2473 413 2565 bona,
437 2495 508 2568 que
533 2475 680 2548 ecclesia
704 2474 875 2569 Aquensis
899 2496 946 2549 ex
969 2475 1079 2549 felicis
1101 2475 1348 2549 recordationis
1368 2485 1622 2549 antecessorum

203 2605 402 2672 nostrorum
417 2601 649 2674 Romanorum
670 2599 914 2696 imperatorum
931 2599 1167 2674 munificentia
1185 2601 1262 2674 sive
1280 2601 1425 2674 aliorum
1444 2601 1624 2695 largitione

204 2722 341 2796 invilla
357 2723 504 2820 predicti
524 2724 591 2798 loci
609 2723 737 2798 habere
751 2723 955 2816 dinoscitur,
976 2724 1012 2796 iu
1032 2734 1238 2820 perpetuum
1257 2731 1397 2820 pactum
1416 2724 1621 2815 vindicaret,

206 2847 349 2921 tandem
377 2869 529 2923 errorem
553 2871 658 2922 suum
680 2869 944 2944 recognoscens,
964 2847 1012 2922 ad
1034 2849 1189 2923 veritatis
1210 2849 1305 2922 viam
1328 2871 1505 2939 reversus,
1528 2852 1624 2922 omni

207 2974 335 3048 uodoni
357 2997 464 3070 quem
492 2975 560 3048 sibi
583 2974 677 3050 dicto
698 2984 799 3072 pacto
817 2983 1011 3071 competere
1027 2974 1165 3049 dicebat
1187 2975 1244 3048 vel
1269 2973 1399 3048 habere
1424 2975 1622 3065 videbatur,

209 3119 327 3172 coram
343 3100 534 3176 venerabili
549 3122 590 3174 uc
603 3101 700 3175 fideli
715 3101 871 3198 principe
886 3109 1002 3176 nostro
1017 3101 1223 3196 Engelberto
1239 3099 1430 3174 Coloniensi
1449 3099 1625 3196 archiepi-

210 3245 317 3320 scopo
331 3234 364 3298 et
381 3226 649 3322 quampluribus
668 3227 745 3300 aliis
763 3247 873 3322 prona
893 3235 928 3300 et
949 3225 1058 3299 libera
1078 3224 1256 3298 voluntate
1280 3245 1344 3320 pro
1369 3245 1408 3298 se
1427 3234 1461 3298 et
1484 3245 1625 3298 succee-
1663 3319 1667 3328 Ι

210 3345 349 3422 roribus
366 3348 440 3422 suis
456 3351 679 3444 renuncians,
699 3349 806 3424 nichil
821 3351 909 3444 iuris
932 3350 968 3422 in
985 3349 1037 3425 eis
1054 3369 1093 3422 se
1107 3347 1237 3424 habere
1251 3349 1390 3448 publice
1406 3350 1623 3446 recognori13

211 3471 271 3544 tali
289 3471 378 3546 iuter
394 3473 507 3570 ipsam
524 3475 705 3548 ecclesiam
723 3485 759 3550 et
771 3474 904 3548 dictum
921 3475 1079 3568 militem,
1094 3473 1269 3548 mediante
1287 3475 1455 3571 prelibato
1471 3475 1627 3572 principe

212 3603 347 3690 nostro,
367 3597 617 3694 compositione
632 3598 669 3670 in
692 3597 915 3670 abolitionem
939 3597 1083 3691 antique
1107 3595 1281 3670 discordie
1304 3595 1438 3671 firmata
1455 3605 1627 3692 quatenus

212 3722 385 3816 sepefatus
409 3722 510 3794 miles
533 3721 727 3795 hominium
751 3722 897 3796 ecclesie
915 3723 1042 3796 luceret
1065 3719 1230 3794 fidelitate
1252 3722 1480 3816 jurejurando
1502 3744 1629 3820 repro-

214 3845 333 3938 missa,
350 3846 446 3942 quod
464 3854 499 3920 et
514 3847 607 3919 iecit.
629 3847 668 3918 ln
685 3849 785 3940 cujus
798 3845 880 3919 iacti
898 3845 1167 3941 recognitionem
1181 3846 1326 3918 ecclesia
1340 3847 1462 3920 vineas
1475 3847 1535 3919 llll
1546 3848 1629 3938 jur-

214 3971 347 4044 nalinm
371 3970 455 4043 sitas
471 3991 580 4066 prope
600 3970 781 4065 viamque
798 3969 1069 4044 dictaBribethe
1090 3971 1127 4042 in
1150 3968 1310 4063 ieodum,
1330 3968 1466 4045 decimo
1486 3971 1554 4043 sihi
1574 3993 1629 4046 re·

214 4105 320 4184 tenta
340 4095 438 4170 dedit
455 4095 583 4189 eidem,
605 4116 648 4168 ea
661 4094 858 4170 conditione
875 4106 1053 4193 acceptata
1067 4095 1163 4192 quod
1180 4096 1210 4168 si
1225 4095 1301 4169 sine
1319 4097 1415 4192 prole
1429 4095 1627 4191 decesserit,

215 4219 322 4294 iidem
347 4229 497 4317 quatuor
521 4220 678 4314 jumnies
701 4219 777 4293 sine
800 4221 982 4316 questione
1010 4221 1046 4293 in
1068 4221 1127 4314 jus
1156 4221 1301 4295 ecclesie
1330 4222 1565 4296 revolvantur.
1586 4223 1630 4296 Et

215 4345 358 4442 quodie
375 4347 465 4421 sicut
484 4355 705 4444 pretaxatum
728 4357 780 4421 est
797 4349 914 4422 omnia
938 4348 1207 4423 irrevocabiliter
1228 4349 1446 4440 observaret,
1468 4349 1629 4446 obligatis

216 4471 480 4566 fidejussoribus
498 4494 538 4547 sc
560 4473 739 4564 astrinxit,
758 4473 825 4547 hac
850 4474 1092 4547 nichilominus
1113 4495 1204 4570 pena
1225 4474 1360 4567 adJecta
1382 4473 1528 4569 quodsi
1554 4476 1629 4572 ipse

218 4599 273 4672 vel
289 4618 505 4674 successores
517 4599 573 4672 sui
591 4599 880 4690 contravenirent,
906 4620 976 4672 non
994 4601 1107 4673 solum
1124 4623 1146 4676 a
1162 4599 1264 4674 feodo
1279 4607 1428 4695 quatuor
1439 4603 1628 4696 jornalium

217 4722 463 4821 predictorum,
483 4725 729 4801 verumetiam
745 4725 842 4800 totali
868 4747 972 4800 causa
992 4726 1068 4822 ipso
1086 4727 1166 4820 jure
1188 4726 1434 4820 intelligeretur
1447 4728 1626 4802 cecidisse.

316 4849 358 4912 11.
372 4864 456 4910 rme
1436 4860 1473 4912 93
