4326 5910
238 602 340 664 isurun
357 597 420 684 12]
683 595 881 660 HISTORIA
907 591 1201 658 nluuuuaslca
1586 588 1646 652 ’199

237 737 396 814 nonibus
423 734 494 812 sint
521 731 660 829 penitus
684 732 846 808 auulsa
879 732 997 808 Nuntii
1019 729 1171 826 imperii,
1193 727 1355 802 domium
1377 726 1573 800 Bernartius
1596 725 1641 798 de

238 861 453 948 Horetmere,
477 877 593 930 eomes
614 857 829 932 llermnnnus
855 857 901 932 de
925 853 1197 945 Woldenberoh,
1219 851 1429 926 Gonoelinus
1452 850 1639 945 imperialis

237 984 318 1060 enin
332 981 480 1078 dapifer,
495 979 631 1076 depilet
641 979 690 1056 de
707 980 923 1078 Waltpmob,
943 978 1078 1076 dapifer
1092 974 1224 1052 domini
1240 973 1450 1048 coloniensis
1470 973 1640 1070 arehiepi-

238 1106 348 1202 soopi,
365 1104 595 1203 promiserunt
610 1103 647 1176 in
663 1101 734 1178 lide
749 1103 847 1199 qnod
863 1103 976 1178 modis
989 1101 1150 1176 omnibns
1163 1109 1198 1174 et
1211 1099 1303 1172 bonu
1312 1096 1382 1172 lide
1393 1097 1583 1172 studebunt
1601 1106 1639 1168 nt

238 1251 280 1304 ee
298 1249 368 1324 qne
385 1249 492 1325 snpra
510 1227 602 1302 diota
626 1237 709 1300 sunt
730 1227 902 1324 principes
924 1232 1193 1323 prosequentum
1209 1231 1244 1296 et
1270 1222 1336 1294 hon
1361 1221 1453 1296 idem
1477 1221 1639 1317 magister

239 1351 364 1426 domus
379 1352 642 1426 Teutonioorom
657 1351 831 1424 iacturum
840 1371 879 1424 se
893 1350 995 1425 dixit.

287 1475 372 1550 Ante
393 1487 475 1550 sunt
492 1476 557 1550 heu
573 1495 665 1548 anno
686 1473 929 1548 inonmetionis
947 1471 1117 1548 dominioe
1139 1469 1369 1564 uccxxlul,
1394 1491 1512 1544 mense
1531 1469 1636 1565 J'ulio,

238 1599 299 1672 1111
315 1621 424 1674 nonas
435 1599 528 1695 julii,
550 1597 737 1673 indictione
748 1598 825 1671 Xll.

454 1916 1425 1930 mmm—*n——ffl

292 2219 501 2327 ilenrious,
520 2219 779 2304 Romanorum
795 2247 886 2325 rex,
900 2219 1101 2303 confirmet
1120 2221 1344 2304 sententiam
1366 2249 1390 2306 a
1411 2223 1643 2334 principibus
1753 2298 1806 2351 m

238 2353 386 2464 imperii
414 2355 465 2436 ed
489 2353 773 2464 requisitionem
799 2353 1086 2464 Salnburgensis
1113 2353 1382 2465 archiepiscopi
1403 2355 1544 2464 lamna,
1565 2358 1643 2440 soi-
1796 2327 1819 2394 ·’

238 2486 326 2571 lieet
343 2487 449 2598 quod
466 2486 563 2570 nulli
578 2485 689 2570 liceat
701 2485 867 2597 aliquem
885 2487 925 2568 in
941 2487 1195 2572 memimoniis
1218 2488 1297 2572 suis
1314 2489 1557 2599 deportandis
1575 2518 1641 2578 seu
1664 2499 1666 2504 ’

239 2618 560 2728 negotiationibus
577 2619 758 2702 leniendis
776 2618 970 2727 impedire.

322 2859 449 2938 (lidlder.
463 2862 567 2940 lions,
584 2857 727 2926 anetd
746 2868 835 2924 nater
850 2860 979 2938 otmar,
992 2865 1017 2922 t.
1032 2861 1081 2937 ll,
1098 2877 1130 2940 p.
1150 2869 1221 2924 m.
1232 2891 1274 2910 -
1290 2863 1404 2937 Prnrn,
1418 2861 1548 2926 Monam.
1566 2865 1643 2928 Har.

363 2965 472 3042 uem„
486 2973 512 3032 t.
527 2968 581 3043 IV,
591 2985 623 3046 p.
638 2970 719 3044 see.)

290 3181 330 3253 ln
347 3181 485 3255 nomine
498 3191 616 3255 sancte
629 3190 665 3253 et
678 3179 861 3256 individue
877 3181 1060 3254 Trinitatis.
1077 3181 1256 3254 Heinrious
1268 3179 1436 3276 septimus
1451 3182 1514 3254 Dei
1529 3183 1644 3277 grecia

242 3303 473 3378 Romanomm
492 3327 556 3380 rex
577 3315 612 3378 et
634 3326 769 3400 semper
790 3313 959 3399 augustus
981 3305 1018 3376 in
1041 3313 1258 3401 perpetuum.
1279 3303 1490 3379 Constitutus
1507 3307 1542 3378 in
1565 3329 1645 3403 pre·

242 3429 353 3502 sentia
373 3437 488 3502 nostre
505 3429 601 3525 apud
619 3428 800 3523 Nnrnberg
821 3429 969 3502 incuria
986 3439 1103 3504 nostm
1121 3429 1318 3525 sollempni,
1339 3431 1556 3526 presentibus
1576 3431 1646 3503 im-

242 3551 329 3648 perii
354 3552 586 3648 principibus,
613 3552 776 3627 videlieet
796 3551 1014 3644 dolomense,
1036 3553 1245 3628 Treuerense
1269 3553 1552 3649 ambiepieeopis,
1573 3555 1646 3630 blo-

243 3684 358 3765 unm,
385 3677 649 3774 ltatisponense‚
675 3677 894 3768 Peteviense,
920 3677 1136 3771 Frisingense
1158 3685 1193 3750 et
1211 3675 1430 3772 Augustense
1454 3679 1642 3776 episeopis,

243 3799 388 3872 liuverie
401 3810 436 3872 et
450 3799 589 3874 Austris
606 3801 755 3874 donibus
773 3810 807 3876 ot
823 3801 900 3874 aliis
919 3801 1054 3895 imperii
1068 3801 1304 3895 magnetibus,
1322 3800 1468 3874 dilectus
1483 3813 1518 3876 et
1533 3803 1646 3879 fidelis

244 3933 362 3997 noster
381 3924 541 4020 prinoeps
564 3925 769 3998 venerabilis
790 3924 1049 4018 salzburgensis
1065 3924 1342 4019 mohiepisoopns
1364 3947 1426 4020 per
1443 3929 1644 4000 sententiam

244 4047 425 4143 requisivit
447 4069 493 4122 ao
515 4049 714 4124 bominibus
732 4049 879 4142 alicujus
896 4049 961 4122 iter
977 4058 1012 4122 et
1030 4057 1129 4122 aetus
1147 4057 1182 4121 et
1203 4048 1261 4121 via
1279 4048 1315 4120 in
1337 4049 1453 4122 stratis
1472 4051 1646 4144 regalibus

245 4181 280 4246 et
297 4171 463 4267 publicis,
482 4173 600 4268 quoad
617 4174 839 4248 mercimonia
856 4194 920 4247 ene
936 4171 1149 4268 deportanda
1166 4181 1201 4244 et
1224 4173 1309 4246 aliae
1327 4173 1573 4266 negotiationes
1589 4177 1645 4247 la-

246 4295 441 4383 olendum
456 4296 699 4372 dominoterre
717 4298 773 4372 vel
793 4317 1007 4391 equaquam
1028 4296 1095 4370 alio
1118 4297 1232 4369 valeat
1251 4297 1307 4368 vel
1331 4295 1455 4369 debeat
1472 4297 1643 4371 interdici.

245 4417 394 4491 Dictamt
418 4421 523 4514 igitur
546 4421 714 4494 sententia
737 4421 933 4516 prinoipem
950 4419 1047 4514 qnod
1068 4419 1155 4493 illud
1179 4419 1264 4491 nulli
1292 4419 1409 4507 lineat,
1434 4441 1499 4492 nee
1521 4421 1647 4516 aliquis

248 4539 373 4616 debeat
382 4543 525 4639 aliquod
542 4545 578 4616 in
594 4544 667 4618 suis
680 4544 893 4617 oommeroiis
906 4554 942 4617 et
956 4543 1245 4637 negotiationibus
1262 4541 1440 4637 impedire.
1457 4543 1526 4615 Noe
1542 4543 1647 4638 igitur

249 4664 374 4740 dicem
396 4668 600 4744 sententium
618 4667 663 4742 de
686 4669 860 4743 eommuni
876 4689 1047 4741 eonsensu
1064 4667 1256 4764 prinoipem
1281 4667 1523 4740 rationabiliter
1543 4669 1645 4743 latam
