4326 5910
541 603 602 670 aaa
1067 601 1239 664 suuntur
1266 603 1435 666 sarrrur
1758 607 1838 686 [aa.
1858 607 1946 670 rsus.

542 743 663 817 vasalli
684 742 738 814 sui
758 741 793 814 in
811 761 851 814 ea
868 740 912 813 ab
931 761 973 814 eo
989 738 1181 832 habebant,
1202 742 1402 836 recognovit
1422 762 1461 815 se
1478 740 1626 816 donasse
1649 741 1769 816 domui
1791 743 1946 838 hospitati

542 869 828 945 Thantonicorum
851 869 975 942 Sancte
999 867 1107 940 Maria
1128 867 1164 938 in
1193 868 1473 957 umalama
1492 869 1717 944 incautelam
1742 869 1947 948 habundan-

542 997 664 1070 tiorem
681 995 801 1068 iterato
820 1013 933 1068 coram
954 991 1056 1066 nobis
1077 992 1298 1088 solempniter
1316 1001 1352 1064 et
1372 993 1480 1066 libere
1498 993 1532 1066 ei
1555 993 1671 1068 omnia
1689 993 1845 1090 predicta
1865 1015 1947 1068 oon-

543 1121 704 1212 tradidit,
724 1119 892 1212 adjiciens
907 1117 953 1192 de
970 1137 1114 1192 assensu
1129 1118 1290 1209 fratrum,
1307 1115 1471 1192 videlicet
1487 1119 1530 1190 H.
1546 1119 1755 1215 promptaria
1772 1118 1949 1194 demusin

542 1246 723 1320 allemania
743 1253 778 1318 et
798 1244 943 1318 aliorum
964 1243 1094 1316 ibidem
1114 1243 1340 1337 presentium,
1360 1252 1400 1316 ut
1413 1242 1485 1317 dno
1501 1243 1631 1318 ibidem
1650 1251 1817 1340 perpetuo
1836 1265 1950 1320 sanun

544 1373 643 1446 dotes
657 1371 866 1462 habeantet,
884 1391 965 1442 cnm
978 1368 1027 1442 ihi
1044 1367 1213 1464 hospitale
1230 1377 1463 1444 constructum
1480 1368 1601 1460 inerit,
1622 1368 1658 1440 in
1673 1391 1715 1441 eu
1733 1391 1905 1465 pauperes
1918 1377 1952 1442 et

543 1497 717 1595 peregrini
741 1495 975 1592 recipiantur:
995 1493 1135 1590 prestita
1152 1494 1203 1567 eis
1216 1493 1276 1568 tali
1291 1493 1521 1568 consolatione
1532 1494 1634 1586 juxta
1651 1493 1794 1593 trabum
1813 1493 1951 1572 estima-

546 1625 689 1712 tionem,
702 1631 804 1720 prout
816 1631 1005 1718 pmventns
1022 1619 1132 1716 ipsius
1151 1617 1277 1692 domus
1293 1621 1453 1716 supplere
1469 1627 1642 1716 poterunt.
1657 1619 1707 1692 De
1720 1619 1822 1711 bonis
1837 1628 1950 1692 autem

545 1749 724 1824 teodornm
741 1747 880 1822 addidit
900 1753 939 1820 ut
952 1744 1076 1818 vasalli
1090 1745 1144 1818 sui
1157 1744 1220 1839 qni
1236 1765 1278 1818 ea
1298 1744 1476 1840 possident
1496 1745 1532 1816 in
1550 1745 1801 1840 presentiarum
1814 1742 1952 1816 beredi-

548 1876 636 1950 turio
653 1875 729 1968 jure
749 1882 784 1948 et
804 1895 923 1946 eornm
936 1869 1083 1946 beredes
1103 1891 1144 1944 ea
1161 1869 1381 1966 possideant,
1399 1869 1459 1943 tali
1478 1877 1579 1965 pacto
1595 1877 1635 1944 ut
1653 1869 1699 1944 de
1716 1891 1785 1942 nnn
1798 1869 1953 1966 qualibet

546 2001 642 2075 huba
662 2000 783 2074 domni
812 1999 948 2072 solvant
972 1995 1150 2070 annuatim
1176 1995 1211 2068 in
1234 1997 1320 2070 insto
1345 1996 1455 2070 sandi
1478 1995 1644 2070 lobannis
1665 1995 1818 2092 Baptista
1842 2015 1951 2068 unnm

548 2126 697 2200 solidum
717 2135 856 2197 monete
879 2120 924 2195 de
948 2121 1095 2217 Turego.
1112 2120 1215 2208 Quod
1240 2121 1301 2215 qui
1321 2121 1529 2216 neglexerit,
1555 2143 1647 2195 anno
1663 2121 1821 2216 maenti
1837 2119 1952 2215 dupli·

546 2259 659 2324 catum
680 2250 803 2320 solvat.
828 2247 863 2318 Si
888 2246 967 2341 quis
991 2268 1074 2320 vero
1098 2268 1159 2342 per
1181 2269 1291 2320 annos
1314 2257 1463 2342 quatuor
1486 2245 1651 2318 violenter
1675 2247 1808 2318 solvere
1831 2267 1952 2341 super·

546 2375 695 2465 sederit,
717 2395 737 2446 a
755 2376 833 2466 jure
854 2373 930 2468 ipso
953 2369 1054 2445 cadat
1075 2379 1110 2444 et
1130 2371 1222 2444 boba
1242 2372 1307 2444 ista
1330 2371 1485 2444 absolute
1502 2371 1548 2442 ad
1572 2370 1714 2444 domum
1730 2379 1891 2446 transeat.
1911 2371 1954 2442 Ut

505 2537 510 2549 ·
546 2509 661 2573 autem
690 2499 755 2572 bec
774 2497 914 2572 donatio
935 2505 970 2570 et
994 2505 1170 2594 prenotata
1197 2496 1334 2592 singola
1355 2517 1470 2570 eoram
1497 2495 1598 2568 nobis
1621 2495 1842 2592 solempniter
1866 2497 1955 2568 iacta

546 2633 711 2724 perpetua
725 2622 883 2697 firmitate
899 2623 1114 2714 roborentur,
1131 2631 1167 2694 et
1183 2621 1274 2694 diota
1290 2619 1415 2694 domus
1434 2619 1552 2694 debita
1571 2620 1607 2692 in
1623 2620 1692 2694 biis
1707 2620 1859 2716 gaudeat
1873 2641 1955 2716 pos·

547 2751 709 2825 sessionis
726 2751 900 2843 libertate,
924 2747 1144 2824 donationem
1171 2747 1282 2843 ipsum
1306 2745 1548 2820 confirmamus
1568 2755 1604 2819 et
1627 2745 1741 2820 omnia
1761 2747 1836 2844 ipsa
1864 2747 1956 2818 bona

547 2877 613 2951 sub
630 2885 743 2951 nostre
756 2875 970 2950 celsitudinis
983 2873 1194 2970 protectione
1210 2872 1437 2970 suscipimus3
1454 2881 1641 2946 statuentes
1657 2893 1701 2944 ne
1719 2871 1798 2968 quis
1814 2871 1847 2943 ei
1865 2892 1954 2944 ausu

546 3003 726 3078 temerario
744 3001 981 3076 contravenire
994 3001 1050 3073 vel
1063 3021 1139 3073 eam
1152 3021 1293 3095 quoquo
1306 2997 1412 3072 modo
1430 2997 1614 3093 infringere
1629 3005 1815 3094 presumat.
1827 2997 1863 3068 Si
1875 2995 1957 3092 quis

395 3127 397 3132 ’
547 3152 631 3205 vero
649 3129 715 3203 hoc
737 3127 1007 3224 attemptaverit,
1025 3125 1269 3222 omnipotentis
1283 3125 1347 3199 Dei
1370 3133 1405 3197 et
1424 3125 1525 3198 beate
1540 3123 1689 3218 Virginis
1707 3123 1814 3197 Maria
1833 3123 1954 3197 odium

548 3256 793 3352 sempiternum
814 3263 849 3326 et
868 3253 976 3346 gratie
992 3262 1108 3326 nostre
1129 3253 1295 3324 offensam
1313 3271 1352 3324 se
1370 3251 1505 3324 noverit
1524 3250 1756 3322 incursurum.
1775 3247 1832 3322 Ad
1849 3248 1956 3341 bnjns
2086 3253 2089 3260 ’

548 3381 598 3453 rei
620 3378 832 3454 evidentiam
850 3378 997 3452 litteram
1015 3386 1207 3474 presentem
1224 3374 1394 3450 conscribi
1411 3375 1557 3468 lecimus
1571 3383 1607 3447 et
1621 3374 1725 3469 sigilli
1748 3353 1853 3448 nostri
1875 3394 1956 3446 mu-

433 3563 435 3566 .
545 3505 678 3578 nimine
695 3503 860 3578 roborari.

597 3631 707 3723 Hujus
731 3630 781 3702 rei
808 3637 910 3703 testes
935 3635 1017 3701 sunt
1038 3627 1266 3722 Engelbertns
1289 3625 1498 3700 Coloniensis
1518 3635 1554 3700 et
1576 3621 1807 3699 Theudoricus
1829 3625 1958 3698 Treve-

549 3755 659 3830 rensis
674 3755 939 3851 archiepiscopi,
966 3753 1144 3826 Siveridns
1168 3749 1413 3846 Angustensie,
1438 3748 1607 3824 Geruldus
1627 3747 1854 3843 frisingensis
1879 3747 1957 3843 epi-

550 3881 659 3978 scopi,
675 3881 868 3954 Lodevicus
886 3901 1001 3952 eomes
1020 3878 1192 3975 palatinus
1211 3875 1297 3950 Rani
1316 3885 1351 3949 et
1374 3875 1450 3948 dux
1471 3874 1633 3963 Bavurie,
1658 3875 1888 3952 Hartmannus
1911 3871 1959 3945 de

548 4007 709 4100 Dilingen
729 4025 862 4092 comes,
889 4001 1085 4077 Gerbardns
1111 4023 1227 4075 comm
1246 4001 1291 4075 de
1313 3999 1424 4093 Diets,
1447 4000 1484 4072 C.
1511 3998 1720 4094 burgravius
1745 3992 1789 4071 de
1810 3997 1959 4070 Narem-

549 4133 648 4225 berg,
669 4129 890 4206 Eberhardus
905 4127 1038 4224 dapifer
1051 4127 1096 4202 de
1110 4127 1289 4222 Walpnrg,
1308 4125 1346 4198 C.
1363 4137 1398 4199 et
1413 4125 1454 4198 E.
1479 4125 1643 4222 pincerne
1665 4124 1710 4198 de
1723 4124 1957 4215 Winterstete,

547 4259 647 4330 ttietu
665 4255 711 4330 de
725 4256 962 4350 Ravensperg,
981 4253 1077 4328 Cuno
1094 4253 1259 4326 scultetus
1274 4251 1320 4326 de
1338 4251 1466 4345 berno,
1486 4249 1528 4322 li.
1548 4247 1824 4346 pmtbunotarios
1844 4249 1972 4343 impess⁸
2106 4301 2113 4318 ,

425 4395 430 4400 “
549 4383 645 4456 rialis
658 4383 750 4474 aule,
765 4379 994 4474 Marquurdus
1008 4379 1164 4472 ejusdem
1175 4377 1433 4470 aulenotarius,
1450 4387 1485 4450 et
1498 4375 1557 4449 alii
1572 4363 1805 4472 quamplures.

595 4512 720 4582 Datum
746 4509 862 4598 Ulmo,
888 4528 980 4580 anno
1001 4505 1137 4578 Domini
1162 4505 1343 4579 millesimo
1366 4503 1602 4578 ducentesimo
1624 4501 1788 4576 vicesimo
1811 4499 1955 4597 quinto,

549 4633 685 4707 decimo
704 4633 803 4706 tertio
821 4631 986 4706 kalendas
998 4631 1176 4734 ¹februarii,
1195 4630 1382 4704 indictione
1402 4626 1637 4726 duodecima(
1659 4627 1685 4726 ).
1839 4656 1843 4666 ·

592 4776 634 4858 (o)
654 4776 703 4840 sle
716 4779 748 4838 in
761 4779 861 4855 copim
876 4784 954 4840 recte
966 4783 1066 4839 umen
1080 4773 1286 4839 mandatae
