4330 5914
1014 613 1018 622 .
1063 537 1271 599 ralountcl
1297 536 1470 599 suctum
1782 538 1862 616 [llus.
1882 537 1965 598 mat.

426 1187 470 1220 m
500 1153 518 1218 '.
617 1105 806 1189 lionorius
833 1135 932 1217 papa
963 1108 1195 1190 Friderieum
1222 1107 1481 1190 Romanorum
1512 1107 1779 1216 imperatorem
1800 1109 1970 1194 hortatur

565 1245 609 1319 ut
626 1237 836 1321 Iohannem
850 1239 1236 1348 hierosolymitanum
1251 1264 1399 1350 regem,
1419 1265 1592 1322 socerum
1606 1239 1707 1350 siue,
1724 1267 1771 1324 ex
1784 1241 1867 1350 ipsa
1880 1243 1969 1326 affi-

564 1371 683 1453 nitate
700 1374 922 1481 depressum
943 1374 1045 1454 unde
1062 1373 1174 1455 multi
1191 1373 1402 1456 honoribus
1428 1375 1730 1482 promovendum
1746 1375 1968 1484 sperabant,

564 1505 604 1586 in
636 1505 842 1616 imperialis
870 1507 1013 1616 gratiae
1040 1507 1314 1615 plenitudinem
1332 1516 1569 1612 reassumi,
1593 1508 1746 1591 mittens
1773 1504 1972 1617 adipsum

565 1664 679 1748 super
709 1638 783 1721 hoc
807 1640 1005 1722 tractando
1028 1640 1180 1750 negotio
1199 1638 1375 1722 abbatem
1398 1639 1526 1722 Sancti
1542 1640 1692 1756 Martini
1714 1640 1969 1724 Viterhiensis.

636 1854 734 1930 (lidid.
751 1856 927 1934 nimam„
943 1851 1052 1915 Anncl.
1074 1850 1182 1928 κοῖαι,
1199 1860 1272 1914 tom.
1295 1855 1311 1914 1
1333 1854 1372 1914 ad
1393 1871 1463 1914 ann.
1485 1860 1602 1930 1²²7,ss
1620 1855 1666 1930 11,
1680 1871 1697 1915 e
1710 1855 1830 1933 Begsst.
1850 1855 1902 1916 lib.
1914 1855 1971 1929 xt,

683 1964 771 2039 ephr.
787 1959 868 2040 tce.)

615 2156 799 2248 Honorius,
821 2165 906 2239 ete,
926 2155 1107 2230 Frederico
1127 2157 1249 2228 illustri
1268 2159 1499 2230 Romanorum
1515 2157 1733 2254 imperatori,
1752 2179 1889 2254 semper
1910 2179 1975 2232 au-

567 2289 669 2374 gusto
691 2290 726 2352 ct
743 2281 818 2374 regi
836 2280 962 2352 Sicilie.
981 2281 1056 2352 Non
1075 2280 1229 2372 dubitat,
1250 2277 1345 2352 sicut'
1357 2281 1551 2374 credimus,
1580 2291 1640 2354 tua
1656 2283 1821 2354 serenitas
1837 2281 1923 2376 quin
1943 2291 1976 2354 te

569 2405 702 2478 sincem
723 2401 908 2498 diligamus
924 2403 1047 2476 aneon
1065 2413 1101 2476 et
1114 2405 1201 2498 quin
1218 2404 1264 2476 ad
1279 2405 1528 2478 incrementum
1545 2407 1597 2478 tui
1614 2405 1756 2480 honoris
1769 2427 1811 2478 ac
1830 2405 1977 2480 nominis

569 2530 762 2626 aspiremus
780 2556 788 2599 :
805 2529 901 2602 unde
915 2551 994 2600 cum
1011 2551 1052 2602 ea
1068 2537 1126 2602 tue
1141 2529 1338 2602 celsitudini
1356 2531 1545 2604 suademus
1557 2553 1627 2625 que
1640 2528 1688 2603 ad
1703 2529 1868 2604 honorem
1880 2540 1978 2602 tunm

570 2653 731 2726 novimus
747 2653 933 2748 pertinere,
955 2651 1062 2726 debes
1080 2653 1260 2726 suasiones
1276 2663 1408 2726 nostras
1426 2664 1600 2748 gratamm
1618 2654 1775 2750 accipere
1790 2677 1832 2728 ac
1848 2655 1900 2727 eis
1914 2677 1978 2728 ac-

569 2777 748 2872 quiescere
770 2786 979 2850 reverenter.
1008 2779 1096 2850 Sane
1127 2777 1330 2850 charissimo
1360 2779 1396 2849 in
1425 2777 1558 2852 Christo
1586 2777 1656 2850 filio
1684 2787 1800 2852 nostro
1825 2779 1979 2852 Iohanne

571 2902 694 2976 illustri
717 2924 798 2996 rege
820 2903 1130 2998 hierosolymitano
1154 2912 1213 2974 tue
1242 2903 1442 2974 sublimitati
1465 2903 1631 2975 affinitate
1654 2904 1855 2995 conjuncto,
1884 2925 1979 2976 oom-

572 3029 687 3103 munis
704 3029 770 3102 luit
787 3029 942 3100 omnium
960 3049 1033 3100 vox
1052 3039 1086 3100 ct
1104 3027 1222 3122 opinio
1239 3027 1337 3121 quod
1357 3028 1457 3122 quasi
1475 3028 1512 3098 in
1534 3028 1741 3100 immensum
1764 3028 1980 3100 successisset

572 3151 685 3224 eidem
708 3159 743 3222 et
759 3149 856 3243 quod
876 3153 966 3222 Deus
988 3150 1098 3244 ipsam
1117 3149 1363 3222 sublimitatem
1383 3152 1458 3244 ejus
1478 3170 1540 3246 per
1560 3151 1760 3222 affinitatem
1779 3150 1866 3222 tanti
1882 3150 1981 3247 prin-

574 3275 661 3372 cipis
678 3271 861 3368 magnifice
875 3273 1106 3346 sublimasset.
1125 3273 1196 3346 Nec
1214 3273 1340 3344 mirum
1355 3275 1385 3346 si
1399 3275 1464 3347 hoc
1476 3274 1634 3348 homines
1649 3273 1889 3364 crediderunt,
1900 3295 1982 3348 oon·

573 3399 765 3472 siderantes
786 3396 868 3470 hinc
893 3397 1096 3470 excellentie
1121 3407 1180 3470 tue
1204 3399 1410 3492 potentiam,
1436 3399 1493 3470 cui
1515 3419 1591 3470 esse
1610 3398 1709 3472 facile
1733 3398 1984 3492 cognoscebant

574 3543 644 3596 non
663 3523 774 3594 solum
801 3521 837 3592 in
861 3542 925 3594 sua
949 3521 1158 3595 sublimitate
1182 3543 1385 3594 conservare
1406 3522 1588 3615 sublimes,
1618 3523 1682 3596 scd
1708 3523 1811 3596 etiam
1836 3522 1983 3594 humiles

573 3647 675 3720 novis
693 3646 882 3720 honoribus
904 3647 1109 3737 sublimare,
1136 3646 1230 3718 illinc
1253 3668 1337 3718 vero
1363 3647 1598 3720 strenuitatem
1622 3656 1656 3718 et
1677 3646 1882 3718 industriam
1901 3637 1983 3718 dicti

573 3771 682 3866 regis,
706 3791 775 3842 non
793 3772 904 3842 solum
920 3770 1063 3866 dignam
1082 3779 1121 3842 ut
1135 3772 1168 3843 ei
1185 3791 1287 3844 suum
1306 3791 1527 3844 conservares
1546 3770 1732 3860 honorem,
1752 3770 1816 3843 aad
1834 3779 1870 3842 ut
1889 3769 1983 3840 illum

575 3897 677 3970 etiam
700 3896 894 3990 ampliares.
915 3895 958 3968 m
974 3916 1054 3968 eece
1078 3917 1135 3968 res
1151 3893 1292 3968 videtur
1309 3894 1345 3966 in
1363 3895 1571 3967 contrarium
1588 3914 1688 3966 versa
1709 3913 1804 3984 esse,
1823 3913 1904 3966 cnm
1921 3913 1984 3964 rex

575 4023 651 4119 ipse
678 4020 760 4094 inde
787 4019 853 4090 nisi
877 4019 944 4092 alio
968 4019 1072 4092 modo
1097 4004 1310 4115 provideris,
1340 4029 1458 4092 contra
1476 4040 1570 4114 spem
1594 4025 1745 4090 nostram
1770 4025 1805 4088 et
1824 4038 1924 4089 suam
1944 4038 1986 4090 ac

576 4147 720 4218 aliorum
742 4144 891 4236 graviter
913 4143 958 4214 sit
978 4143 1161 4238 depressus
1184 4144 1278 4218 unde
1301 4145 1502 4240 sperabatur
1524 4141 1707 4238 magnifice
1726 4141 1980 4214 sublimandus.

577 4271 705 4342 Omnes
718 4267 779 4361 qui
798 4267 863 4340 hec
879 4266 1025 4340 audiunt
1041 4267 1262 4342 vehementer
1279 4269 1493 4341 admirantur
1508 4277 1543 4340 et
1559 4267 1680 4340 dicunt
1699 4292 1707 4338 ι
1723 4291 1740 4335 ι
1757 4267 1833 4351 Qua
1852 4273 1905 4338 est
1923 4265 1987 4338 hec

579 4392 766 4488 imperialis
780 4391 948 4466 industrie
965 4393 1183 4490 providentia
1195 4393 1363 4466 alienasse
1379 4415 1400 4466 a
1418 4415 1455 4464 se
1473 4401 1565 4465 tante
1581 4390 1777 4487 prudentie,
1793 4399 1887 4462 tante
1902 4400 1988 4462 stre·-

581 4517 743 4606 nuitatis,
764 4525 858 4590 tante
874 4517 1060 4612 industrie,
1080 4519 1165 4591 tanti
1184 4517 1316 4592 consilii
1336 4517 1450 4590 virum
1468 4527 1502 4590 et
1518 4525 1613 4590 tanto
1633 4516 1701 4590 sibi
1717 4515 1859 4588 vinculo
1876 4535 1986 4608 copu-

583 4645 710 4734 latum,
729 4641 773 4714 de
790 4665 861 4736 quo
875 4651 1007 4740 poterut
1022 4652 1186 4738 tanquam
1203 4643 1248 4717 de
1265 4652 1374 4718 semet
1391 4643 1466 4740 ipso
1483 4640 1675 4732 confidere,
1703 4640 1804 4732 cujus
1822 4639 1985 4712 honorem
