4326 5910
558 569 619 632 854
1083 567 1254 632 llllNlllCl
1278 569 1444 630 SEPlell
1776 570 1856 648 [burt.
1878 571 1961 632 l225.

557 715 696 800 propter
717 702 983 799 significandum
1002 703 1167 778 duximus
1189 715 1258 778 tam
1281 705 1496 801 presentibus
1515 727 1621 800 quam
1642 704 1765 778 futuris
1781 707 1878 801 quod
1901 730 1963 782 nos

561 829 606 904 de
624 829 786 904 mandato
803 831 1009 903 serenissimi
1028 831 1160 904 domini
1182 831 1394 928 imperatoris
1416 829 1522 926 patris
1538 829 1643 904 nostri
1660 852 1725 904 nee
1739 852 1808 904 non
1824 831 1870 905 de
1885 853 1964 928 pro·

557 955 713 1030 videntia
730 955 863 1028 consilii
879 957 986 1030 nostri
1008 965 1043 1030 et
1062 957 1254 1052 specialiter
1274 955 1319 1029 de
1339 955 1555 1029 ordinatione
1577 956 1693 1030 dilecti
1715 959 1964 1051 consanguinei

559 1083 665 1158 nostri
690 1083 731 1156 E.
757 1083 964 1156 venerabilis
982 1083 1191 1157 Coloniensis
1212 1083 1476 1181 archiepiscopi,
1503 1082 1636 1156 dilectis
1660 1083 1821 1158 fidelibus
1842 1087 1965 1160 nostris

558 1213 701 1284 sculteto
724 1232 786 1308 pro
810 1218 962 1306 tempore
990 1211 1173 1284 constituto
1196 1219 1229 1284 et
1256 1209 1428 1284 universis
1449 1209 1584 1284 civibus
1606 1208 1650 1283 de
1669 1209 1853 1284 llinfelden
1875 1235 1964 1284 con-

559 1337 716 1410 cedimus
734 1345 768 1408 et
781 1335 929 1432 presenti
946 1335 1128 1432 privilegio
1146 1333 1387 1408 confirmamus
1405 1356 1450 1408 ne
1461 1335 1706 1432 possessiones,
1723 1337 1813 1409 bona
1828 1359 1869 1410 ae
1883 1359 1965 1433 pro-

560 1471 685 1534 ventus
706 1460 752 1534 ad
774 1459 967 1534 dominium
989 1461 1169 1534 ninretdm
1196 1461 1406 1556 pertinentes
1430 1461 1529 1533 titulo
1555 1460 1671 1552 feudi,
1698 1463 1962 1554 commissionis,

561 1586 790 1660 concessionis
815 1609 877 1659 seu
908 1585 1102 1660 donationis
1134 1587 1250 1680 aliquo
1277 1606 1403 1681 genere
1428 1585 1578 1659 alienare
1602 1586 1659 1658 vel
1687 1585 1877 1660 distrahere
1901 1587 1965 1660 de-

562 1711 723 1805 beamus,
747 1711 810 1786 sed
829 1713 953 1784 nostris
969 1712 1090 1784 usibus
1111 1732 1326 1785 conservare.
1348 1711 1397 1784 De
1414 1709 1681 1784 habundantiori
1701 1733 1842 1806 qnoque
1859 1711 1965 1806 meda

563 1845 676 1912 nostre
694 1837 909 1912 celsitudinis
930 1837 1106 1933 cupientes
1125 1835 1255 1910 eisdem
1277 1834 1391 1909 modis
1413 1835 1575 1910 omnibus
1591 1835 1786 1934 providere,
1806 1859 1886 1910 cum
1908 1857 1966 1933 per

562 1981 755 2058 pressuras,
780 1961 906 2035 damna
930 1983 971 2034 ac
993 1960 1146 2058 pericula
1168 1961 1276 2034 multa
1298 1981 1368 2033 non
1391 1961 1503 2033 solum
1523 1982 1659 2046 rerum,
1677 1961 1740 2035 sed
1764 1963 1868 2036 etiam
1890 1983 1966 2058 pcr-

566 2109 745 2176 sonarum,
767 2097 883 2160 nostro
901 2109 939 2160 se
956 2085 1108 2161 dominio
1122 2085 1282 2159 studeant
1297 2084 1500 2180 subjugare,
1523 2086 1753 2182 promittimus
1766 2087 1869 2161 eie'et
1880 2110 1966 2162 con-

566 2212 741 2286 firmamus
760 2222 800 2285 ut
822 2235 1000 2308 nunquam
1023 2213 1296 2310 procurationem
1310 2213 1411 2286 castri
1428 2211 1608 2286 llinfeldeu
1626 2235 1689 2286 seu
1707 2215 1860 2308 regimen
1881 2215 1967 2288 civi-

567 2337 646 2410 tatis
668 2338 770 2411 alioui
797 2339 1008 2412 committere
1031 2339 1238 2428 debeamus,
1264 2339 1329 2410 nisi
1355 2359 1500 2436 persone
1526 2337 1671 2434 provide
1694 2349 1729 2411 et
1753 2337 1900 2412 discrete
1924 2339 1967 2414 ed

567 2463 681 2558 ipsum
695 2462 885 2536 dominium
899 2464 1096 2561 pertinenti,
1109 2465 1165 2536 vel
1179 2463 1282 2537 alicui
1294 2485 1399 2558 quem
1412 2463 1486 2536 sine
1500 2473 1580 2538 nota
1591 2463 1797 2561 suspicionis
1808 2463 1968 2538 duxerint

568 2588 829 2684 acceptandum.
847 2587 902 2666 Ad
921 2591 1020 2684 cujus
1037 2590 1271 2687 promissionis
1288 2601 1323 2664 et
1338 2589 1417 2663 fecti
1431 2589 1538 2663 nostri
1552 2611 1737 2686 perennem
1755 2589 1966 2682 memoriam,

569 2738 710 2813 presens
729 2716 949 2812 privilegium
968 2717 1137 2790 conscribi
1154 2725 1190 2790 et
1206 2715 1320 2810 sigillo
1334 2725 1450 2790 nostro
1463 2717 1631 2810 jussimus
1647 2715 1865 2790 communiri.

616 2843 734 2916 Testes
760 2842 809 2914 hii
830 2851 910 2914 sunt
932 2843 973 2914 E.
1004 2841 1231 2935 Coloniensis,
1262 2897 1270 2915 .
1296 2896 1304 2913 .
1328 2895 1337 2914 .
1364 2841 1575 2916 Trevirensis
1604 2841 1819 2916 uenerabiles
1841 2841 1970 2916 archie-

570 2967 720 3064 piscopi,
746 3021 755 3038 .
782 3023 790 3040 .
813 3023 822 3041 .
848 2967 1132 3058 Wcrmaoiensis,
1156 3022 1165 3039 .
1191 2965 1429 3064 ..Spirensis
1455 2967 1624 3064 episcopi,
1650 3022 1659 3039 .
1684 3021 1693 3039 .
1719 3022 1729 3039 .
1754 2967 1908 3042 marchio
1930 2967 1971 3042 de

568 3091 706 3186 Badeo,
733 3147 743 3165 .
769 3146 778 3164 .
803 3146 812 3162 .
838 3113 953 3166 eomes
974 3092 1019 3167 de
1042 3093 1227 3188 biningen,
1255 3145 1263 3164 .
1288 3146 1298 3164 .
1324 3148 1332 3165 .
1360 3113 1474 3166 comes
1495 3091 1540 3166 de
1562 3093 1671 3185 Dicte,
1693 3093 1748 3166 W.
1774 3092 1909 3190 dapifer
1929 3092 1972 3167 de

572 3217 774 3310 Bonlendie,
795 3219 835 3291 Ε.
858 3218 991 3315 dapifer
1010 3219 1054 3294 de
1069 3215 1283 3319 [Walpurc],
1304 3219 1342 3292 C.
1362 3219 1451 3292 etii.
1470 3219 1796 3310 deWiuterstetfen,
1821 3275 1830 3293 .
1855 3274 1865 3292 .
1890 3241 1971 3294 .ca·

573 3343 739 3415 merarius
758 3341 803 3417 de
822 3339 1065 3444 [Bienburgl],
1085 3343 1194 3417 etalii
1212 3344 1446 3440 quamplures.

620 3465 747 3540 Actum
781 3467 876 3564 apud
908 3467 1153 3560 Wormetiam,
1183 3490 1275 3542 anno
1302 3467 1475 3542 dominice
1503 3467 1748 3542 incarnationis
1775 3466 1970 3561 MCCXXV‚

573 3591 633 3664 vll
648 3588 754 3691 [idus]
768 3593 987 3690 septembris,
1004 3591 1191 3668 indictione
1205 3595 1296 3668 Xlll.

410 4187 510 4299 ,¹3⁰⁶
628 4165 831 4271 Henricus,
852 4165 1111 4252 Romanorum
1128 4191 1210 4274 rex,
1230 4167 1565 4250 commutationem
1582 4167 1839 4278 quorumdam
1856 4166 1977 4252 bono-

378 4302 427 4342 ⁷⁸‘
403 4257 541 4355 '‘W''
575 4328 663 4386 rum
680 4301 778 4384 inter
796 4299 972 4384 abbatem
989 4310 1027 4384 et
1043 4298 1178 4384 fratres
1195 4299 1372 4384 ecclesiae
1391 4299 1703 4386 Odenheimcnsis
1720 4311 1758 4387 et
1774 4299 1976 4388 liudolfum

578 4437 626 4522 de
644 4435 856 4522 Chisolowa
872 4433 1013 4519 lactem
1025 4443 1148 4518 ratem
1163 4434 1278 4520 habet
1291 4444 1328 4519 et
1344 4433 1556 4520 confirmat.

659 4625 773 4707 (lnedlt
798 4641 837 4688 ex
856 4626 1033 4688 chertdub
1045 4625 1181 4687 munuae
1198 4625 1236 4686 de
1253 4623 1435 4700 odenheim,
1450 4624 1474 4686 f.
1490 4633 1527 4688 ee
1536 4669 1546 4701 ,
1557 4627 1589 4687 ln
1601 4625 1684 4688 arch.
1697 4625 1861 4702 Cerbrnb.;
1876 4624 1976 4688 fndus.

696 4735 729 4794 fn
743 4733 896 4812 privilegio
908 4731 1051 4796 Ludovlct
1063 4733 1198 4796 marne
1210 4731 1267 4794 sub
1278 4748 1359 4794 nnnc
1375 4731 1478 4811 tete.)
