4324 5916
206 597 304 659 lucrer.
324 598 386 676 la]
659 593 855 658 HISTORIA
879 595 1170 658 bretonarlcll.
1558 594 1619 658 899

207 732 341 825 eidem,
360 742 394 805 et
412 730 499 803 nulli
513 752 559 804 ex
585 730 784 804 bominibus
808 733 884 825 ejus
910 734 998 806 ultra
1024 733 1061 804 in
1088 732 1241 828 predicto
1266 729 1373 827 opido
1399 730 1613 825 colligantur.

207 859 377 932 Volumus
397 859 501 932 etiam
527 858 821 932 confederationes
841 859 916 932 sive
930 859 1126 952 juramenta
1146 858 1275 954 quibus
1300 877 1339 930 se
1364 856 1519 930 civitates
1537 857 1619 930 lla-

208 984 343 1078 gnntia,
362 983 521 1077 Pinguia,
542 983 741 1070 Wormatia,
760 983 893 1079 Spirea,
914 983 1152 1071 Franlrinvort,
1173 979 1402 1074 Geilinhusin,
1421 981 1618 1070 Fridebero,

209 1108 245 1180 in
274 1104 506 1202 prejudicium
534 1105 678 1180 ecclesie
702 1107 977 1201 lllagnntinensis
996 1108 1145 1180 inuicem
1167 1106 1364 1200 obligarunt
1380 1104 1450 1202 (l),
1472 1106 1620 1179 rescindi

210 1231 348 1324 penitus
364 1229 448 1303 etin
464 1229 597 1302 irritum
621 1231 787 1304 revocari.
807 1231 910 1316 Quod
929 1241 969 1304 nt
991 1239 1101 1304 ratum
1120 1239 1155 1303 et
1179 1231 1378 1304 inviolabile
1402 1231 1617 1324 observetur,

209 1354 372 1450 paginam
388 1353 489 1426 istam
506 1362 623 1426 nostro
638 1353 752 1450 sigillo
768 1356 911 1428 fecimus
927 1355 1093 1428 roborari.

259 1479 365 1572 Cujus
382 1479 463 1552 facti
482 1487 584 1552 testea
608 1487 689 1552 sunt
708 1479 939 1554 Theodericus
956 1480 1193 1572 Treverensis,
1211 1480 1392 1554 Heinricus
1412 1480 1623 1554 coloniensis

211 1603 477 1702 archiepiscopi,
508 1605 727 1677 Hermannus
753 1605 1029 1702 Herbipoleneis,
1053 1604 1239 1691 Bertcldus
1263 1604 1543 1700 argentinensis,
1567 1605 1623 1678 Si·

213 1728 324 1832 fridus
351 1727 600 1824 Angustensis,
620 1729 787 1802 Henricns
812 1729 1028 1818 Eistetensis,
1054 1730 1221 1804 Henrions
1244 1731 1520 1824 Wormatiensis,
1545 1731 1622 1804 En-

213 1851 367 1948 gilardns
390 1851 721 1948 aninburgensis,
751 1907 791 1926 ..
816 1906 825 1923 .
847 1852 861 1950 (
884 1853 1115 1951 )Basiliensis
1138 1855 1309 1950 episcopi,
1333 1854 1513 1930 Cunradus
1536 1857 1624 1928 Ful·

213 1976 349 2070 densis,
374 1975 586 2052 Ludewicus
609 1976 875 2066 llersfeldensis,
901 1977 1083 2052 Cnnradus
1101 1979 1284 2052 laurensis
1307 1980 1450 2053 abbates
1469 1981 1621 2076 regales,

213 2101 313 2193 laici,
341 2101 537 2176 ludovicus
565 2102 740 2198 palatinus
765 2124 879 2176 comcs
903 2103 989 2176 Rani
1017 2112 1053 2176 et
1081 2103 1159 2176 dux
1183 2106 1386 2196 Boursada,
1413 2105 1625 2180 Ludewicus

213 2225 429 2321 lantgravius
448 2227 654 2324 Thuringie,
675 2235 710 2300 et
727 2228 785 2300 alii
803 2230 1026 2324 quamplures
1048 2237 1118 2302 tam
1135 2230 1307 2302 seculares
1323 2252 1430 2326 qnam
1446 2232 1627 2306 ecclesias-

214 2352 282 2424 tice
298 2373 456 2450 persone.
1428 2369 1431 2373 ’

263 2477 1626 2576 Actasuntbeoapudllerbipolim,annodominiceincamationislll⁰ilC⁰XllVi⁰,

213 2603 258 2674 V⁰
275 2601 443 2676 kalendas
456 2601 662 2696 decembris,
680 2601 900 2702 pontificatus
917 2605 1024 2678 nostri
1040 2626 1132 2678 anno
1146 2606 1269 2678 xxvr
1286 2605 1350 2704 (2).

269 3187 479 3296 Heurieus,
508 3187 769 3274 Romanorum
795 3217 881 3300 rex,
905 3191 1218 3302 compositionem
1245 3193 1343 3276 inter
1367 3194 1634 3304 imperatorem
1672 3211 1823 3320 ,ergffim'

217 3329 366 3430 patrem
385 3345 500 3404 suum
518 3330 556 3405 et
579 3323 747 3433 seipsum
768 3350 814 3407 ex
840 3352 918 3408 una
942 3335 1049 3434 parte
1079 3337 1117 3409 et
1142 3325 1392 3411 Bertboldum
1413 3329 1634 3441 episcopum
1669 3319 1837 3365 “⁸¹¹⁰'‘”‘’'¹¹‘

219 3452 537 3563 argentinensem
554 3482 602 3539 ex
620 3457 739 3542 altera
756 3468 880 3542 ratam
898 3459 1032 3567 habet,
1053 3461 1159 3543 omni
1178 3462 1315 3546 actioni
1338 3462 1378 3545 in
1397 3465 1635 3550 successione

218 3585 410 3671 bonorum
437 3589 652 3674 comitissae
669 3592 718 3675 de
734 3591 940 3704 Dagsburg
957 3593 1168 3698 renuntiat,
1190 3605 1358 3680 castrum
1376 3597 1425 3681 de
1444 3597 1632 3683 Girbaden

261 3772 302 3853 (a)
325 3775 380 3854 Ap.
395 3775 553 3838 Gadenum
565 3778 717 3856 suppletur
729 3795 837 3842 nomen
851 3780 1013 3845 Hamae.

257 4061 295 4136 (l)
315 4063 431 4121 Primam
446 4081 529 4137 nunc,
547 4073 578 4124 et
594 4075 687 4127 nostra
701 4071 833 4129 sententia
847 4072 1067 4144 vetustissimam,
1082 4073 1321 4132 confoederationis
1334 4074 1404 4132 inter
1414 4075 1536 4134 civitates
1547 4076 1634 4134 libeni

219 4162 385 4220 mentionem
399 4163 543 4222 babemus.

256 4261 295 4334 (2)
312 4260 424 4320 indictio
438 4263 536 4322 omissa
553 4271 605 4323 est.
624 4266 718 4325 danus
738 4275 828 4326 autern
847 4268 1034 4344 pontificatus,
1049 4270 1084 4328 ad
1097 4269 1224 4329 Sifridum
1235 4273 1260 4330 ll
1273 4272 1504 4348 archiepiscopum
1523 4275 1634 4350 llogun·

220 4358 307 4414 tinum
326 4359 497 4434 referendus,
513 4364 639 4422 conuenit
659 4381 730 4424 anno
751 4366 850 4425 Christi
870 4368 997 4428 indicato.
1010 4369 1127 4427 Praeiuit
1143 4370 1215 4427 enim
1230 4369 1274 4428 ille
1287 4370 1323 4428 ab
1335 4386 1405 4429 anno
1420 4375 1489 4432 ⁴200
1502 4388 1588 4448 usque
1601 4374 1636 4434 ad

221 4471 286 4512 ann.
301 4459 381 4514 0200.
395 4459 466 4516 llaec
487 4465 551 4518 notu
572 4461 741 4535 pontificatus
759 4465 864 4538 Sifridi,
883 4466 945 4524 boet
961 4468 1034 4542 apud
1047 4467 1191 4526 Gudenum
1202 4468 1285 4540 desit,
1303 4469 1463 4529 documento
1475 4471 1519 4529 cui
1531 4472 1638 4532 additur

221 4552 326 4609 nullum
339 4555 501 4629 suspicionis
519 4559 622 4618 crimen
642 4562 753 4636 ingerit3
772 4581 855 4639 qnum
876 4565 1093 4640 archiepiscopus
1112 4567 1298 4642 Moguntinus,
1319 4567 1568 4629 archicancellarius
1588 4571 1638 4630 im·

221 4651 305 4724 perii,
319 4651 391 4710 inter
404 4655 577 4716 cancellariae
597 4660 679 4736 buius
691 4663 751 4722 aeri
763 4663 959 4737 conluuionem,
972 4665 1112 4740 privilegio
1125 4665 1160 4724 ad
1173 4665 1330 4725 instantiam
1351 4681 1430 4726 suam
1446 4666 1557 4727 redacto
1570 4668 1640 4729 sub-

220 4748 363 4822 scripsisse
371 4749 446 4823 juste
460 4755 588 4828 potuerit.
