4466 5914
272 587 373 650 lucrer.
392 583 454 664 lt]
724 580 921 644 HISTORIA
943 581 1240 644 blandirentur.
1631 585 1693 650 oct

273 720 375 794 alicui
394 719 498 793 etiam
512 737 660 813 persone
675 717 809 812 privata
821 739 883 790 seu
898 717 1059 812 publice,
1079 717 1177 790 salvo
1199 726 1314 790 tamen
1334 717 1413 811 jure
1436 718 1593 814 imperii,
1621 721 1690 793 scl-

273 866 356 918 rere
370 851 544 932 teneatur3
565 839 794 914 concedentes
808 841 951 936 insuper
965 849 1004 912 ut
1018 839 1047 912 si
1062 841 1309 914 monasterium
1324 851 1550 914 memoratum
1567 865 1691 918 causas

275 991 353 1040 cum
369 965 486 1062 aliquo
504 964 633 1038 habere
659 963 859 1058 contigerit,
883 963 1058 1036 abbatissa
1083 963 1240 1055 ejusdem
1263 963 1328 1038 loci
1353 974 1604 1040 sacramentum
1632 989 1692 1040 ca-

275 1091 427 1186 lumpaio
450 1091 560 1166 lacere
580 1088 617 1160 in
637 1108 784 1183 persana
806 1088 945 1182 propria
959 1108 1028 1159 uon
1046 1091 1202 1181 cogatur,
1226 1087 1291 1162 sed
1312 1109 1373 1182 per
1394 1087 1565 1162 sindicum
1586 1113 1690 1164 suum

275 1213 346 1288 liat.
374 1213 604 1288 concedimus
630 1233 770 1307 quoquc
797 1211 1004 1284 monasterio
1033 1219 1222 1286 memorato
1247 1221 1286 1286 ut
1310 1213 1467 1305 ejusdem
1492 1215 1691 1290 monasterii

274 1339 448 1412 abbatissa
466 1337 743 1430 jurisdictionem
766 1337 893 1410 babeat
909 1337 946 1410 iu
966 1335 1167 1412 bominibus
1184 1336 1259 1410 suis
1279 1359 1368 1433 quos
1385 1337 1489 1412 habet
1505 1339 1540 1412 iu
1558 1341 1692 1438 episco-

274 1473 356 1560 patu
379 1462 573 1554 Parmensi,
589 1471 761 1558 quatenus
779 1461 904 1558 punire
924 1461 1152 1556 pecunialiter
1169 1463 1276 1558 possit
1301 1485 1374 1536 eos.
1395 1463 1552 1538 Preterea
1574 1465 1619 1538 de
1635 1469 1691 1540 al-

275 1587 447 1660 buenticri
466 1595 580 1660 nostre
602 1587 712 1680 gratia
733 1586 922 1680 majestatis
939 1585 1054 1659 eidem
1072 1587 1278 1660 monasterio
1297 1587 1520 1663 concedimus
1538 1601 1577 1664 ut
1595 1593 1691 1666 nulla

276 1713 341 1784 uisi
367 1713 593 1808 sexagenaria
617 1711 819 1808 prescriptio
836 1713 868 1784 ei
885 1711 990 1804 objici
1013 1712 1123 1808 possit
1147 1711 1182 1782 iu
1210 1711 1314 1784 rebus
1336 1715 1393 1786 vel
1413 1715 1691 1810 possessionibus

276 1835 348 1908 suis
365 1847 434 1908 tam
453 1836 579 1908 habilis
593 1858 699 1932 quam
718 1835 903 1911 habendis.
921 1837 1111 1910 Statuimus
1126 1847 1241 1909 tamen
1257 1845 1293 1910 et
1307 1837 1458 1934 presenti
1480 1839 1593 1914 edicto
1608 1863 1689 1914 san·

276 1961 386 2034 cimus
400 1969 439 2032 ut
454 1961 548 2034 nulla
562 1961 684 2035 civitas
698 1962 903 2058 nullumque
924 1983 1107 2034 commune
1121 1983 1163 2034 ac
1180 1961 1275 2034 nulla
1291 1983 1437 2058 persona
1458 1961 1689 2039 ecclesiastica

276 2085 332 2158 vel
349 2087 526 2179 secularis,
546 2089 613 2160 alta
627 2088 684 2160 vel
701 2085 854 2178 humilis,
872 2085 962 2160 circa
980 2087 1135 2184 predicte
1150 2086 1379 2160 concessionis
1397 2097 1512 2162 nostre
1526 2087 1687 2184 paginam

275 2211 444 2307 prelatum
466 2212 710 2286 monasterium
734 2211 899 2308 impetere
919 2213 976 2286 rel
999 2213 1179 2286 molestare
1198 2221 1385 2308 presumat.
1402 2211 1505 2298 Quod
1523 2213 1584 2308 qui
1602 2235 1689 2310 pre-

276 2337 459 2432 sumpserit
476 2337 511 2409 in
528 2359 591 2410 sue
606 2335 805 2410 temeritatis
823 2335 1013 2409 vindictam
1031 2336 1170 2429 triginta
1185 2336 1290 2408 libras
1306 2337 1382 2410 auri
1396 2338 1474 2433 puri
1494 2347 1686 2434 componet,

277 2461 492 2533 medietatem
506 2461 667 2536 videlicet
689 2461 773 2534 liscc
789 2471 906 2534 ncslrc
924 2470 958 2534 et
975 2461 1145 2556 reliquam
1162 2459 1383 2535 medietatem
1400 2463 1509 2558 passis
1525 2463 1687 2556 iujuriam

276 2585 553 2680 persolvendam.
577 2585 633 2659 Ad
655 2585 761 2678 hujus
789 2586 907 2681 itaque
932 2586 1163 2660 concessionis
1187 2595 1302 2658 nostre
1331 2586 1531 2660 memoriam
1558 2595 1593 2660 et
1618 2595 1689 2661 sta·

277 2709 378 2782 bilem
396 2708 590 2784 firmitatem
608 2731 750 2808 presens
773 2711 940 2807 scriptum
959 2709 1032 2784 beri
1053 2711 1198 2784 lecimus
1209 2719 1244 2784 st
1259 2711 1373 2806 sigillo
1391 2721 1507 2784 nostro
1520 2711 1689 2806 jussimus

276 2835 493 2908 communiri.

323 2961 435 3054 Hujus
452 2971 567 3034 autem
594 2960 644 3034 rei
663 2969 766 3034 testes
787 2969 870 3034 suut
887 2959 931 3034 A.
949 2960 1159 3034 venerabilis
1180 2960 1490 3056 blagdeburgensis
1513 2961 1689 3058 archiepi-

275 3107 413 3182 scopus,
428 3085 471 3160 A.
493 3085 545 3184 (a)
562 3085 821 3160 warmatiensis
838 3095 873 3159 et
893 3087 933 3160 ll.
955 3084 1115 3158 Curensis
1135 3085 1306 3182 episcopi,
1327 3087 1366 3158 L.
1392 3085 1593 3180 langravius
1617 3088 1687 3160 Tu·

276 3211 405 3305 ringis,
433 3211 478 3283 A.
496 3209 573 3284 dux
597 3211 759 3303 Saxcffie,
779 3211 819 3284 ll.
839 3210 915 3285 dux
934 3211 1083 3308 Spoleti,
1102 3233 1217 3285 comes
1239 3210 1451 3308 Maynardus
1469 3211 1505 3282 in
1522 3209 1628 3284 Gorze
1652 3219 1688 3285 et

275 3336 496 3431 quamplures
511 3335 571 3410 alii
585 3336 647 3432 qui
664 3335 903 3410 interfuerunt.

324 3459 408 3533 Acta
425 3469 508 3533 suut
524 3462 589 3535 bec
605 3483 697 3536 auno
714 3461 888 3536 dominice
905 3459 1150 3534 incamaticnis
1172 3461 1354 3534 millesimo
1372 3460 1608 3535 ducentesimo
1627 3461 1688 3534 vi-

277 3584 403 3658 cesimo
421 3594 533 3674 sexto,
555 3609 673 3662 meuse
685 3587 790 3681 junii,
809 3595 933 3682 quarte
950 3585 1084 3659 decime
1103 3583 1320 3678 indictionis,
1337 3585 1527 3683 imperante
1546 3585 1687 3659 dominc

275 3708 447 3786 Fridericc
457 3713 520 3786 Dei
534 3714 644 3809 gratia
658 3713 885 3787 invictissimo
899 3713 1131 3786 Romanorum
1145 3711 1361 3810 imperatore,
1374 3733 1510 3808 semper
1524 3720 1685 3806 augusto,

275 3835 462 3910 lamsalem
480 3846 515 3911 et
530 3839 646 3913 Sicilie
663 3861 762 3934 rege,
783 3859 875 3912 anno
889 3837 966 3931 ejus
980 3838 1124 3910 Romani
1141 3837 1276 3934 imperii
1294 3847 1411 3932 sexto,
1432 3835 1530 3932 regni
1552 3837 1687 3910 tamm-

276 3959 420 4034 limitani
438 3961 564 4058 primo,
584 3963 683 4059 regni
701 3985 785 4037 vero
802 3962 918 4035 Sicilie
935 3962 1101 4036 vicesimo
1120 3983 1225 4052 ncnc,
1250 3963 1404 4036 feliciter.
1424 3959 1548 4034 Amen.

322 4085 409 4160 Data
423 4086 459 4159 in
476 4087 616 4162 civitate
630 4087 818 4181 Parmensi,
837 4109 943 4180 anuo,
966 4109 1084 4162 mense
1097 4097 1133 4162 ct
1148 4087 1337 4164 indictione
1353 4087 1562 4186 prescriptis.

316 4285 356 4370 (a)
377 4289 608 4358 aarum
620 4293 672 4374 rs,
685 4294 798 4358 mirra
809 4292 959 4356 samue.
