4466 5914
243 609 346 670 brier.
364 601 425 688 14]
692 597 891 661 lllSTORlll
919 593 1215 657 nlntottnntcn.
1603 590 1660 652 (ill

246 743 291 820 de
307 746 402 818 Bona
417 749 452 812 et
467 736 624 810 Garcffns
636 735 774 829 judices
788 735 893 808 vestri
911 735 1125 829 protulerunt
1144 743 1262 807 contra
1276 731 1439 806 eumdem
1455 728 1615 824 judeum.
1646 780 1656 798 .

250 912 709 941 ............
738 867 773 931 et
799 857 919 931 habita
949 857 1106 952 diligenti
1139 859 1336 954 provisione
1369 878 1449 928 cum
1480 853 1659 946 jndicibus

248 989 386 1080 nostris,
400 1009 478 1060 eam
495 995 660 1079 tanquam
670 983 763 1077 juste
779 991 815 1056 et
831 981 1077 1056 rationabiliter
1092 983 1195 1055 latam
1210 981 1503 1072 confirmavimus,
1516 973 1604 1052 sicut
1623 977 1659 1049 in

250 1114 377 1210 scripto
396 1109 666 1185 confirmationis
679 1116 795 1180 nostre
811 1108 907 1202 quod
923 1106 1035 1180 eidem
1051 1107 1160 1199 judeo
1176 1107 1399 1195 indulsimus,
1418 1105 1571 1202 poteritis
1588 1105 1661 1200 ple·

251 1239 331 1312 nius
343 1257 551 1331 cognoscere
565 1243 600 1306 et
613 1232 746 1307 videre.
761 1234 890 1305 Verum
907 1231 990 1326 quia
1006 1239 1077 1304 tam
1095 1232 1288 1305 christianis
1305 1253 1411 1326 quam
1428 1231 1531 1302 ctiam
1544 1229 1662 1322 judeis

252 1363 414 1438 fidelibus
438 1359 564 1436 nostris
585 1359 622 1430 in
641 1357 762 1454 primis
778 1357 921 1452 justitiis
940 1354 1148 1429 rehabendis
1168 1355 1337 1430 debemus
1356 1355 1495 1445 adesse,
1522 1363 1556 1426 et
1577 1353 1663 1426 nihil

254 1489 431 1586 prodesset
455 1485 642 1558 sententias
661 1483 757 1574 ferri,
786 1481 853 1554 nisi
880 1503 942 1576 per
965 1481 1206 1554 executionem
1233 1481 1369 1554 effectui
1396 1479 1661 1566 mandarentur,

255 1610 470 1684 universitati
493 1620 606 1681 vestre
624 1607 765 1680 firmiter
781 1603 1003 1702 precipiendo
1020 1605 1225 1678 mandamns
1245 1613 1417 1698 qnatenus
1438 1603 1483 1677 dc
1504 1602 1666 1698 predictis

257 1737 417 1810 omnibns
432 1735 529 1808 libris
546 1733 660 1806 eidem
672 1731 792 1826 judeo,
807 1733 910 1824 juxta
926 1739 1079 1802 tenorem
1097 1730 1265 1802 sententie
1280 1727 1433 1824 predicte
1446 1727 1578 1823 prolate
1594 1737 1666 1800 eta

259 1869 373 1933 nostra
404 1858 500 1932 curia
524 1855 739 1948 confirmate,
766 1854 878 1928 taliter
906 1854 1100 1928 satisfacere
1126 1853 1293 1926 studeatis
1318 1851 1364 1926 ad
1390 1853 1551 1948 plenum,
1571 1849 1667 1946 quod

260 1986 391 2058 nullam
406 1983 451 2057 dc
467 1991 579 2056 cetero
595 2003 700 2076 super
714 1978 781 2054 hoc
794 1981 923 2072 justam
940 1979 1189 2074 querimoniam
1203 1978 1388 2052 audiamus
1404 1976 1417 2072 (
1442 1975 1470 2074 ).

309 2112 433 2184 Datum
448 2107 544 2206 apud
557 2109 711 2202 Burgum
726 2104 842 2178 Sancti
858 2103 1022 2198 Donnini,
1039 2103 1086 2176 Xl
1097 2103 1188 2197 julii,
1208 2103 1286 2176 xlv
1304 2101 1502 2176 indictione.

501 2435 1443 2450 ”mount-noum

319 2749 550 2856 FridericuS,
565 2749 825 2832 Romanorum
843 2747 1061 2856 imperator,
1078 2745 1179 2828 clero
1197 2755 1235 2829 et
1251 2746 1446 2829 commoni
1467 2747 1674 2832 Cumarum
1708 2783 1876 2879 *rw

267 2885 443 2971 fidelibus
456 2885 536 2968 suis
553 2891 685 2966 narrat
699 2882 892 2992 quomodo
905 2889 992 2991 post
1003 2879 1129 2964 varios
1143 2889 1180 2962 et
1193 2879 1346 2962 inutiles
1359 2889 1541 2964 tractatus
1555 2883 1675 2992 pacis,
1740 2891 1849 2998 fflpffiffi·

269 3029 400 3104 contra
412 3017 712 3129 conjurationem
725 3013 1029 3099 Lombardorum
1043 3011 1115 3096 sibi
1127 3011 1327 3096 rebellium
1341 3013 1389 3098 de
1401 3015 1561 3098 oonsilio
1573 3017 1679 3126 prin·
1748 2947 1771 2988 u

271 3155 397 3264 cipum
416 3177 574 3236 suorum
591 3149 839 3260 processerit,
859 3148 1001 3231 scilicet
1018 3148 1123 3258 quod
1140 3147 1339 3256 episcopus
1359 3147 1679 3234 Hildenscmensis

273 3286 493 3369 auctoritate
511 3283 717 3394 apostolica
733 3308 915 3392 personas
937 3279 1318 3365 excommunicationi
1337 3290 1533 3393 terrasque
1554 3284 1680 3368 inter-

273 3419 373 3503 dicto
391 3419 610 3530 supposuit,
629 3425 667 3500 et
684 3417 765 3527 ipse
781 3417 935 3500 eosdem
952 3426 1138 3525 tanquam
1156 3440 1241 3498 reos
1259 3414 1430 3499 criminis
1446 3415 1573 3501 laesae
1586 3444 1680 3502 ma-

270 3551 415 3663 jestatis
432 3549 698 3635 condemnavit
717 3547 971 3657 bannitosquc
987 3547 1265 3657 pronunciavit.

310 3947 349 4025 (a)
366 3949 407 4008 cf.
420 3949 769 4025 numr01.,Anuq.1ut.
783 3948 852 4006 mou.
865 3935 941 4018 aaut,
957 3949 1065 4008 uasere
1078 3951 1123 4020 ts,
1136 3965 1164 4023 p.
1182 3951 1243 4022 uro,
1260 3948 1307 4007 uui
1319 3955 1393 4007 aut
1405 3950 1686 4010 innumerumcon-

276 4047 382 4104 cordiae
395 4049 550 4105 Ravennam
572 4047 642 4106 inter
662 4053 690 4105 et
710 4047 873 4120 Ferrariam,
892 4047 964 4121 quod
985 4047 1107 4105 exhibuit
1128 4063 1237 4122 quoque
1261 4045 1688 4119 Factumi,datumt'1ccauntc

277 4146 349 4202 mom
360 4146 430 4202 auaui
441 4146 525 4210 taem
539 4145 616 4218 cujus
630 4144 659 4202 in
672 4143 725 4202 linc
738 4144 807 4202 baec
819 4145 906 4218 agitur
919 4145 1042 4218 quaestio
1055 4164 1062 4200 :
1076 4146 1183 4204 «Causa
1194 4145 1346 4203 Dombillini
1357 4145 1435 4204 iudai
1446 4147 1480 4204 de
1491 4147 1628 4206 voluntate
1640 4165 1688 4222 po-

281 4259 295 4296 ι
306 4247 434 4300 testatum
447 4248 475 4299 et
488 4241 691 4300 ambustorum
703 4243 844 4317 utriusque
856 4243 972 4301 civitatis
983 4243 1132 4301 commissa
1143 4250 1186 4301 ast
1202 4245 1230 4301 in
1243 4244 1441 4302 blainmdinum
1454 4244 1613 4303 imolensem
1633 4247 1690 4322 epi-

281 4355 433 4414 »acopnm
447 4341 485 4398 ita
497 4339 706 4414 videlicetqucd
723 4340 782 4415 ipsc
795 4340 925 4414 dijudicat
940 4347 1030 4398 utrum
1047 4343 1180 4400 secontia
1198 4342 1360 4401 absolutoria
1379 4342 1540 4401 arbitrorum
1560 4344 1622 4402 data
1640 4360 1690 4418 pm

283 4455 297 4490 ι
310 4438 446 4496 communi
457 4439 582 4496 Ravenna
595 4443 688 4498 canna
701 4439 893 4498 Dombillinum
906 4440 1021 4497 Judeum
1035 4440 1132 4498 debeat
1143 4457 1204 4500 essa
1216 4446 1290 4513 rata,
1302 4441 1348 4498 oct
1359 4443 1493 4498 amicitia
1505 4439 1610 4498 matut
1624 4442 1693 4502 lbo-

284 4537 416 4592 »moaini
429 4535 544 4610 &lopati
561 4553 581 4594 o
593 4535 702 4594 domiuo
716 4539 835 4611 episcopo
849 4540 963 4597 Mantus
975 4540 1082 4596 vicario
1096 4537 1202 4594 domini
1224 4539 1398 4612 imperatoris
1411 4544 1437 4595 at
1450 4555 1469 4595 u
1482 4537 1592 4595 omino
1609 4541 1694 4613 impc-

285 4649 298 4683 s
312 4639 402 4690 roton
410 4633 579 4708 confirmato,
587 4635 659 4692 sicut
668 4650 718 4709 per
726 4637 887 4709 ascriptum
900 4635 1043 4710 imperiale
1053 4643 1177 4710 apparet,
1188 4635 1278 4693 datam
1288 4637 1442 4693 ececuticui
1452 4636 1583 4695 motura·
1594 4644 1620 4692 ct
1630 4646 1694 4695 ratu

288 4745 301 4781 v
315 4727 420 4787 boteri.
434 4750 448 4784 a
461 4731 538 4790 Unda
548 4731 635 4808 liquet
644 4749 724 4808 quam
733 4733 810 4809 parvi
821 4734 950 4793 momenti
961 4734 1098 4810 imperiale
1110 4734 1265 4792 mandatum
1276 4741 1340 4792 tuuc
1348 4733 1420 4808 apud
1429 4735 1596 4795 Ravennates
1605 4735 1693 4792 luerit.

381 4831 423 4892 11.
445 4845 534 4894 rma
1520 4843 1555 4894 aa
