4324 5916
557 581 620 644 920
1108 577 1416 644 subtransacta,

556 725 711 789 tuturum
734 711 908 808 promisit,
930 731 1104 806 suumque
1119 723 1374 808 procuratorem
1390 737 1454 812 pro
1478 735 1517 789 re
1538 716 1675 808 agenda
1690 720 1861 794 notarium
1878 725 1969 798 Heu-

557 841 668 914 ricum
686 835 875 910 coustituit.
897 836 929 908 ls
947 836 1117 910 adversus
1132 837 1336 934 episcopum
1354 840 1569 936 proponebat
1583 841 1680 936 quod
1696 844 1788 918 bona
1806 847 1972 924 ecclesiae

558 962 801 1060 dilapidasset,
822 960 910 1032 nihil
933 961 970 1032 iu
992 961 1173 1034 utilitatem
1194 963 1359 1038 ecclesiae
1377 963 1622 1060 expendisset,
1649 989 1730 1040 cum
1755 978 1888 1065 septem
1910 995 1970 1067 per

556 1109 666 1162 anuos
680 1087 758 1184 plus
774 1108 881 1182 quam
900 1081 947 1160 70
967 1085 1073 1159 millia
1091 1096 1226 1159 tarenos
1241 1088 1459 1182 percepisset,
1478 1099 1514 1162 44
1525 1089 1623 1185 quod
1636 1091 1821 1166 alienasset
1835 1116 1967 1189 poeseo-

555 1213 670 1286 siones
693 1211 860 1286 ecclesiae
882 1218 917 1283 44
935 1210 1057 1284 domos
1077 1211 1278 1284 contulisset
1296 1211 1488 1286 Christiano
1510 1223 1547 1286 et
1566 1213 1670 1286 leoni
1690 1215 1853 1290 affinibus
1872 1219 1964 1310 suis,

554 1336 795 1410 molendinum
818 1333 958 1408 cuidam
990 1333 1141 1426 Marino,
1172 1335 1398 1410 tenimentum
1422 1323 1601 1411 llocoellae
1622 1336 1777 1414 dedisset
1805 1342 1966 1416 iratribus

552 1463 679 1536 bloutis
699 1459 851 1554 Virginis
877 1459 944 1554 (l).
975 1459 1098 1532 Contra
1124 1479 1208 1532 vero
1234 1460 1418 1556 episcopus
1441 1469 1556 1556 partes
1580 1483 1662 1536 suas
1686 1465 1846 1538 tuebatur
1869 1468 1965 1562 quod

554 1587 676 1660 domos
701 1584 914 1682 episcopales
935 1583 1125 1679 reparavit,
1156 1585 1336 1658 ecclesiam
1365 1583 1596 1660 cathedralem
1623 1599 1761 1683 ceperat
1785 1612 1961 1686 reparare,

553 1712 732 1786 castellum
754 1709 904 1782 Pollinne
924 1729 946 1782 4
967 1708 1130 1783 demanio
1151 1708 1316 1782 ecclesiae
1336 1709 1523 1784 alienatum
1545 1710 1692 1784 redemit
1715 1723 1851 1788 tarenos
1873 1717 1961 1808 800,

554 1838 662 1910 multa
686 1834 853 1908 ecclesiae
885 1844 1084 1907 omameuta
1112 1831 1266 1925 lecisset,
1291 1833 1371 1906 tecit
1392 1833 1608 1926 molendina,
1629 1837 1871 1933 raparavitque
1890 1861 1964 1912 mc·

552 1961 733 2036 leudinum
746 1961 935 2050 lloccellae,
957 1958 1143 2054 acquisivit
1159 1958 1340 2032 ecclesiam
1354 1959 1640 2032 &camellariae
1655 1960 1843 2053 lloccellae,
1865 1983 1964 2036 revo-

498 2115 506 2130 ·
553 2087 647 2160 cavit
674 2085 860 2158 tenimenta
883 2093 919 2156 et
940 2083 1067 2156 casalia
1092 2083 1237 2155 Sanctae
1264 2081 1388 2156 Luciae
1410 2081 1456 2156 de
1478 2084 1649 2179 Syracusa
1676 2083 1825 2158 alienata
1847 2107 1870 2160 a
1893 2089 1965 2159 suis

552 2205 888 2309 praedecessoribus,
902 2208 1112 2284 lllistrrctum
1125 2228 1278 2302 quoque,
1291 2206 1963 2302 CapitiumetCamaratametCnlatabu-

553 2345 670 2408 turum
686 2342 722 2406 et
737 2331 973 2405 molendinum
991 2331 1027 2402 iu
1044 2329 1286 2404 Cabtabutum
1302 2343 1337 2402 et
1351 2329 1509 2422 Scillato,
1531 2341 1566 2404 et
1582 2331 1680 2427 quod
1694 2333 1846 2428 oportuit
1864 2335 1913 2407 irc
1927 2338 1961 2408 in

553 2457 790 2544 Alamauiam,
816 2454 1013 2543 viterbum,
1034 2455 1176 2528 Romam
1198 2462 1233 2526 et
1256 2453 1292 2524 iu
1314 2453 1477 2548 Apuliam
1502 2453 1550 2528 ad
1576 2453 1756 2530 domiuum
1780 2479 1907 2554 papam
1929 2471 1964 2532 44

553 2585 792 2679 imperatorem
806 2601 870 2676 pro
884 2578 1023 2671 juribus
1037 2580 1203 2652 ecclesiae
1221 2587 1375 2675 tempore
1397 2577 1479 2654 belli
1501 2581 1678 2676 occupatis
1697 2603 1719 2653 a
1741 2583 1907 2656 militibus
1930 2595 1963 2657 et

553 2707 722 2782 alienatis.
746 2704 899 2778 Tandem
918 2703 1096 2799 delegatus
1108 2702 1242 2799 judex,
1263 2703 1409 2778 concilio
1424 2703 1544 2778 habito
1567 2725 1648 2778 cum
1663 2706 1823 2782 lucuudo
1838 2709 1962 2782 abbate

553 2843 588 2906 44
606 2835 709 2906 lratre
721 2829 897 2903 Bonitacio
918 2829 1087 2902 monacho
1108 2829 1224 2902 Sancti
1239 2829 1380 2903 loannis
1393 2829 1643 2904 Heremitarum
1658 2829 1718 2930 [et]
1732 2834 1836 2908 tratre
1852 2837 1962 2908 leone

553 2954 1315 3053 prioreCastriloauuisassessoribus,aodem
1329 2976 1566 3048 anuo,mauso
1579 2955 1962 3048 decembri,llllindic·

553 3083 657 3154 tionis
674 3078 740 3176 (2),
760 3080 851 3152 banc
869 3079 1012 3174 protulit
1030 3079 1233 3153 seutentiam
1248 3087 1288 3153 ut
1301 3080 1433 3154 boetus
1451 3089 1487 3154 44
1508 3081 1655 3176 pecunia
1675 3081 1839 3179 episcopo
1861 3085 1962 3158 resti-

551 3214 741 3294 tuerentur,
759 3205 795 3276 iu
813 3204 955 3298 reliquis
969 3204 1015 3276 ab
1027 3203 1191 3300 episcopo
1204 3205 1374 3301 preteusis
1385 3204 1621 3280 absolveretur
1634 3205 1830 3302 imperator.
1849 3209 1900 3281 De
1913 3208 1961 3280 ci·

550 3331 657 3404 vitate
675 3327 865 3425 Cephaludi
874 3331 947 3422 jam
961 3337 1000 3402 ut
1013 3328 1248 3403 restitueretur
1257 3330 1327 3422 juri
1341 3329 1495 3426 episcopi
1510 3328 1711 3404 decreverat
1724 3329 1909 3428 pontifex(
1932 3331 1959 3429 ),

583 3655 620 3728 (4)
639 3655 721 3728 Cujus
740 3655 878 3712 tenimenti
896 3655 1005 3714 donabo
1020 3655 1077 3728 ianr
1093 3653 1164 3712 lacta
1185 3653 1273 3712 luerat
1290 3653 1451 3712 monasterio
1463 3653 1562 3712 blout’s
1574 3651 1691 3728 Virginis
1704 3670 1722 3714 a
1737 3653 1819 3714 l‘aulc
1829 3655 1864 3714 de
1877 3653 1963 3714 cicala

546 3754 595 3811 Dei
609 3759 637 3812 ct
654 3753 727 3827 regia
746 3753 831 3826 gratia
844 3753 942 3810 comite
957 3751 1076 3810 Golisaui
1089 3757 1118 3808 44
1132 3751 1220 3826 regiae
1242 3751 1362 3826 privatae
1384 3751 1528 3810 masnedae
1546 3751 1674 3826 magistro
1694 3751 1879 3825 conestabili,
1893 3753 1964 3828 apud

545 3854 706 3911 Panormum
716 3894 723 3922 ,
735 3852 813 3924 lunio
828 3853 914 3922 4446,
931 3857 1025 3924 qrrarta
1047 3849 1200 3907 indictione.
1216 3850 1397 3907 lustramenta
1415 3851 1491 3924 sigua
1507 3850 1687 3908 adhibuerunt
1706 3852 1764 3925 ipsa
1777 3851 1890 3924 Paulus,
1903 3851 1964 3909 Sica

544 3952 604 4025 ejus
616 3966 693 4021 uror,
701 3949 833 4019 Andreas,
845 3948 940 4008 Simon
953 3954 981 4006 44
992 3947 1144 4006 4444444444
1157 3963 1250 4006 eorum
1262 3946 1318 4020 lilii,
1333 3953 1362 4004 et
1374 3947 1528 4022 Stephanus
1537 3947 1572 4006 de
1585 3950 1734 4020 Partenicc,
1748 3965 1863 4024 magum
1875 3950 1964 4023 repas

544 4049 635 4106 carim
648 4047 776 4122 magister
785 4045 964 4120 justiciarius.
973 4046 1025 4120 dp.
1038 4047 1216 4118 llasramuo,
1231 4045 1436 4121 limamque
1448 4063 1538 4120 capro,
1553 4063 1582 4121 p.
1597 4049 1659 4104 444.

582 4148 617 4222 (4)
636 4147 745 4204 Rectius
757 4151 848 4204 autem
859 4146 937 4202 Jilll
947 4143 1116 4216 indictionis,
1128 4159 1191 4204 cum
1202 4145 1255 4204 isto
1267 4151 1398 4219 tempore,
1407 4145 1509 4204 scilcet
1520 4145 1659 4204 novembri
1672 4147 1752 4216 4444,
1762 4143 1965 4220 imperatorqui

543 4249 746 4320 procuratorem
759 4259 838 4300 suum
851 4241 879 4298 iu
890 4241 994 4316 agenda
1006 4241 1053 4299 lite
1067 4242 1205 4300 constiutit
1219 4241 1290 4300 circa
1303 4249 1395 4316 partes
1407 4243 1521 4317 Drepani
1532 4243 1671 4302 manserit.
1681 4243 1741 4300 Vid.
1757 4257 1840 4316 supra
1857 4259 1887 4316 p.
1899 4245 1962 4302 tos.

579 4344 617 4416 44)
636 4341 823 4401 verisimiliter
834 4356 884 4415 per
897 4339 997 4398 litteras
1011 4339 1089 4398 datas
1099 4339 1236 4410 laterani,
1254 4343 1287 4398 44
1306 4339 1365 4412 iulii
1387 4343 1473 4412 rant,
1492 4357 1563 4398 auno
1576 4339 1748 4414 pontificatus
1760 4339 1835 4410 vllt,
1851 4355 1922 4414 qrrae
1933 4339 1962 4396 in

543 4440 632 4498 iudice
645 4439 792 4496 litterarum
802 4439 909 4496 llonorii
923 4439 958 4496 lll
972 4443 1163 4496 memorantur.
1175 4439 1239 4494 lura
1251 4444 1341 4496 taram
1353 4444 1448 4512 porca
1457 4437 1668 4512 4444444444υεί4
1678 4439 1713 4496 44
1726 4451 1895 4496 manassias
1906 4437 1962 4494 im·

542 4543 652 4612 parator
663 4537 786 4606 retinuit,
799 4543 830 4594 ut
844 4537 935 4594 videre
947 4541 990 4594 eat
1002 4553 1037 4594 ex
1048 4535 1218 4608 inquisitione
1228 4549 1298 4592 anuo
1313 4538 1383 4594 tace
1394 4535 1466 4596 ncta
1483 4551 1533 4610 per
1545 4537 1696 4610 dymonem
1707 4535 1742 4594 de
1754 4533 1872 4608 Aquino,
1882 4535 1960 4608 justi-

543 4635 656 4694 ciarium
673 4632 794 4706 Siciliae;
814 4633 860 4692 ubi
871 4634 942 4692 iuter
952 4639 1059 4692 caelata
1073 4632 1169 4706 legitur
1180 4649 1186 4686 z
1196 4651 1209 4686 ι
1221 4631 1313 4690 Frater
1326 4633 1485 4692 laurentius
1494 4634 1602 4707 juratus
1614 4639 1644 4690 44
1657 4632 1838 4704 interrogatus
1853 4629 1920 4688 dixit
1929 4633 1958 4686 ut

545 4751 559 4787 s
575 4733 678 4808 primus
688 4731 785 4806 [testis]
793 4739 821 4789 et
830 4731 931 4789 addidit
943 4731 1015 4805 quod
1028 4731 1086 4804 ipse
1097 4730 1165 4788 vidit
1178 4729 1312 4804 quoddam
1325 4730 1480 4790 mandatum
1488 4731 1621 4790 directum
1633 4747 1683 4806 per
1694 4730 1883 4806 imperatorem
1897 4742 1956 4803 pra-
