4330 5914
566 582 626 642 roa
1060 585 1274 648 rnrunnrct
1299 585 1473 648 saccant
1569 553 1574 560 ’
1789 588 1869 672 [aar.
1887 591 1969 652 rasa

569 716 909 807 nososlrujtrsmodi
932 719 1163 792 concessionis
1185 730 1220 794 et
1242 721 1511 796 confirmationis
1535 730 1708 815 tmorcm,
1731 745 1835 818 super
1857 725 1970 821 aliqua

567 841 811 936 premissorum
832 843 888 914 vel
913 841 1015 916 etiam
1038 843 1326 940 subscriptorum,
1351 845 1515 920 videlicet
1538 867 1643 941 snper
1663 847 1832 921 territorio
1852 849 1917 922 sito
1937 851 1969 919 in

569 965 782 1060 pertinentiis
799 964 918 1038 Asculi
935 967 1039 1058 juxta
1055 969 1170 1040 casale
1186 968 1341 1059 forneti,
1359 991 1422 1064 per
1438 969 1658 1064 privilegium
1674 970 1864 1064 supradicti
1884 971 1972 1062 regis

566 1088 729 1162 distincto
758 1089 833 1162 suis
858 1088 988 1162 finibus
1011 1100 1046 1163 et
1073 1101 1275 1164 conservato
1300 1093 1384 1166 olim
1410 1093 1568 1198 chredo
1593 1092 1765 1166 Asculano
1787 1094 1967 1190 episcopo,

566 1211 662 1306 quod
681 1214 824 1306 quidem
844 1215 1051 1288 territorium
1066 1215 1211 1288 ecclesia
1227 1215 1400 1290 mulene
1419 1216 1549 1290 ibidem
1567 1215 1691 1288 habuit
1707 1227 1742 1288 et
1758 1217 1913 1310 possidet
1928 1220 1971 1292 ab

567 1339 710 1430 antiquo
727 1347 882 1431 tempore
893 1339 993 1430 cujus
1011 1340 1345 1412 nouoxtatmeutio.
1360 1339 1452 1412 illud
1467 1339 1628 1413 dedomo
1643 1341 1854 1436 precipimus
1870 1363 1971 1435 quam

568 1460 673 1534 habet
690 1470 724 1534 et
747 1461 901 1556 possidet
917 1462 954 1533 in
975 1463 1088 1558 platea
1105 1463 1262 1553 Comeli,
1281 1473 1362 1536 ants
1381 1484 1487 1557 quam
1502 1462 1646 1536 domum
1664 1463 1767 1535 liceat
1787 1463 1915 1536 hahere
1940 1477 1971 1535 et

569 1594 685 1658 tenere
698 1585 855 1680 plancam
869 1587 1064 1681 portatilem
1077 1587 1125 1660 ud
1143 1587 1370 1661 vendendum
1384 1587 1606 1660 mercimonia
1616 1589 1654 1658 et
1665 1596 1781 1659 tenea
1792 1589 1972 1661 fenestram

567 1717 740 1804 apertam,
765 1709 856 1782 sicut
876 1710 977 1783 nobis
1002 1719 1134 1784 constat
1161 1711 1243 1782 olim
1269 1710 1377 1784 inisse
1405 1710 1652 1783 sententialiter
1676 1710 1878 1799 diffinitum,
1905 1713 1972 1784 ulla

571 1833 684 1906 eidem
702 1834 845 1906 ecclesie
862 1833 1070 1926 detentione,
1088 1835 1349 1929 interruptione,
1369 1834 1614 1930 prescriptione
1635 1832 1770 1908 diutina
1789 1835 1844 1906 vel
1860 1836 1972 1927 cujus·

569 1979 707 2052 cunque
719 1958 883 2052 temporis
896 1957 926 2030 si
938 1980 1008 2051 qun
1020 1959 1242 2032 intervenerit
1256 1981 1325 2032 non
1338 1959 1508 2046 obstante,
1523 1979 1657 2031 noeuon
1666 1959 1848 2052 privilegio
1860 1960 1973 2054 aliquo

570 2083 809 2175 cujuscunque
828 2080 1081 2176 predecessoris
1108 2083 1225 2154 nostri·
1240 2081 1459 2156 donationem
1487 2084 1612 2154 iactam
1633 2082 1738 2154 alicui
1761 2084 1970 2162 contiuentc;

569 2205 667 2300 quod
692 2215 809 2278 contra
831 2204 1021 2298 prodictam
1046 2206 1223 2278 ecclesiam
1247 2207 1455 2279 Aeculanum
1479 2207 1641 2278 volumus
1662 2227 1732 2278 uon
1754 2205 1885 2296 valera,
1913 2207 1974 2278 sed

569 2351 706 2402 mesum
729 2338 763 2400 et
790 2328 911 2400 inutile
939 2337 1105 2423 perpetuo
1130 2329 1248 2401 haberi
1273 2329 1447 2423 quidquid
1462 2339 1710 2426 presumptum
1735 2331 1838 2404 luerit
1858 2342 1973 2402 contra

569 2452 711 2544 aliquod
731 2452 989 2546 premissorum,
1008 2451 1164 2525 similiter
1180 2462 1214 2524 et
1229 2454 1274 2526 de
1290 2455 1395 2525 vinea
1414 2452 1511 2526 etde
1528 2453 1808 2548 quibuscumque
1821 2456 1974 2549 personis

571 2576 752 2648 stabilibus
770 2576 844 2648 suis
864 2577 901 2647 in
919 2576 1087 2648 territorio
1101 2576 1287 2650 antedicto.
1307 2577 1409 2663 Quod
1428 2577 1489 2670 qui
1511 2577 1692 2650 molestare
1710 2579 1970 2673 presumpserit,

568 2700 839 2794 indignationem
852 2707 969 2773 nostre
986 2700 1201 2774 celsitudinis
1212 2723 1250 2774 se
1267 2701 1403 2774 noverit
1416 2701 1635 2773 incursurum
1649 2712 1683 2774 et
1699 2723 1824 2796 penam
1838 2701 1974 2775 ducen-

569 2837 682 2898 tarum
706 2828 887 2898 unciarum
906 2826 998 2916 auri,
1017 2825 1236 2899 medietatem
1255 2826 1332 2917 ejus
1354 2825 1455 2896 nobis
1474 2836 1659 2919 nostroque
1674 2827 1815 2898 cuilibet
1835 2847 1969 2899 sncces-

570 2951 639 3023 sori
656 2959 690 3022 et
707 2951 811 3022 aliam
828 2950 1046 3024 medietatem
1062 2957 1180 3022 sancte
1196 2950 1347 3022 llomane
1359 2948 1529 3039 Ecclesia,
1552 2949 1582 3020 si
1599 2949 1743 3022 clericus
1769 2951 1870 3022 tuerit
1887 2952 1971 3022 inie-

570 3096 662 3163 rens‚
679 3073 951 3161 exsolvendam
971 3081 1007 3144 et
1019 3073 1050 3144 si
1063 3073 1172 3146 laicus
1188 3073 1303 3160 luent,
1320 3071 1473 3166 predicte
1487 3071 1631 3144 ecclesie
1649 3073 1707 3144 vel
1724 3073 1799 3164 ejus
1814 3074 1973 3168 episcopo

570 3199 681 3294 ipsius
711 3197 850 3270 nomine
875 3196 1086 3270 exsolvatur.
1114 3196 1225 3280 Quam
1251 3196 1466 3290 quicumque
1489 3197 1604 3290 presul
1633 3197 1752 3287 inerit,
1776 3197 1974 3270 eudoeiwte

570 3322 708 3417 propria
722 3341 786 3414 pro
799 3329 967 3413 tompore,
986 3319 1061 3392 sine
1074 3320 1295 3414 requisitione
1306 3329 1423 3392 nostra
1440 3320 1495 3392 vel
1506 3319 1637 3410 judicis
1655 3321 1802 3411 alicujus
1815 3319 1914 3412 cujus
1928 3319 1973 3390 dc

571 3443 908 3540 predictisooguitio
930 3445 1130 3538 pertineret,
1151 3465 1274 3539 capere
1288 3453 1404 3538 posset
1420 3453 1457 3515 et
1475 3443 1523 3517 ad
1536 3443 1613 3534 ejus
1632 3445 1814 3516 arbitrium
1830 3446 1974 3517 retinere

569 3578 605 3640 et
623 3569 734 3640 iacere
754 3568 844 3640 velle
860 3590 963 3640 suum
986 3568 1061 3640 siue
1078 3569 1326 3664 appellatione,
1348 3566 1507 3654 detensa,
1533 3568 1735 3662 exceptione
1756 3568 1973 3664 seusuppli·

570 3691 704 3764 catione
731 3714 752 3763 a
778 3713 999 3788 quocumque
1023 3693 1179 3788 opposita
1198 3713 1268 3764 nou
1297 3691 1466 3764 obstante.
1484 3690 1539 3764 Ad
1559 3691 1665 3782 hujus
1688 3700 1804 3764 autem
1823 3693 1873 3764 rei
1899 3711 1974 3763 me·

569 3816 713 3888 moriam
738 3825 772 3890 ct
792 3815 962 3890 Asculum
978 3816 1122 3889 ecclesie
1145 3817 1182 3888 in
1207 3817 1360 3888 loturum
1381 3823 1584 3910 perpetuam
1601 3813 1817 3900 firmitatem,
1836 3837 1974 3913 pressus

568 3941 734 4036 scriptum
747 3940 822 4014 fieri
835 3950 870 4014 et
887 3941 1000 4035 sigillo
1017 3949 1131 4014 nosce
1143 3939 1331 4032 majestatis
1340 3939 1507 4030 jussimus
1524 3941 1742 4012 communiri.

615 4067 742 4138 Datum
760 4065 904 4138 Procide
918 4064 982 4160 (t),
1001 4085 1093 4138 enno
1112 4065 1285 4138 dominico
1297 4065 1541 4138 incarnationis
1558 4064 1766 4158 dccxxvi,
1783 4087 1901 4140 menso
1913 4066 1972 4138 de·

568 4189 730 4274 cambris,
747 4189 809 4260 XV
827 4186 1036 4260 indictionis.

603 4491 639 4566 (l)
657 4491 715 4564 Sic;
735 4493 834 4552 rectius
856 4503 945 4552 meren
966 4511 998 4552 ex
1020 4493 1124 4552 itineris
1142 4493 1211 4552 serie
1228 4491 1368 4567 legendum
1383 4493 1495 4550 Preciae
1507 4509 1556 4551 seu
1568 4495 1686 4553 Preciae.
1700 4495 1761 4553 vtd.
1783 4513 1865 4570 supra
1878 4515 1906 4572 p.
1921 4501 1971 4554 28³

568 4597 596 4646 ct
608 4597 666 4647 not.
678 4593 705 4646 t.
