4326 5910
194 617 296 680 nne.
316 615 377 701 ra]
647 613 845 676 msronrn
868 565 1160 676 nrrnonnrrcn.
1553 613 1611 676 rsa

196 751 336 844 strowe,
352 751 532 827 Amcldns
554 751 600 825 de
621 751 888 848 Sparremberch
909 763 944 826 et
965 753 1068 827 trater
1094 751 1170 844 cjns
1194 749 1418 842 ltnodegerns
1436 749 1482 824 de
1503 751 1613 848 Spar-

195 877 379 969 mnbecke,
401 885 436 950 et
451 876 510 949 alii
524 875 758 971 quamplures.

246 999 333 1074 Acta
350 1011 432 1074 sunt
451 1001 518 1074 hcc
537 1022 629 1074 anno
646 999 892 1074 incarnationis
911 1000 1084 1074 dominIcc
1107 999 1347 1090 M⁰CC⁰XXIII‚
1367 1000 1426 1072 IIII
1445 998 1526 1072 idus
1547 1022 1614 1073 no·

197 1126 362 1219 vembris,
382 1124 571 1199 indictione
586 1126 668 1218 XII,
687 1125 724 1196 in
739 1125 843 1219 ligra.

250 1738 434 1824 llenricus
455 1737 505 1824 III
528 1739 689 1852 Angliae
709 1765 776 1823 rex
803 1741 961 1824 mandat
992 1749 1036 1824 nt
1019 1738 1253 1824 tBemanlo
1271 1737 1320 1822 de
1338 1737 1615 1822 llorstmnrect
1638 1765 1806 1876 affara

196 1872 368 1957 Arnoldo
389 1874 438 1956 de
466 1871 683 1976 Gimenich,
704 1872 855 1955 nunciis
872 1873 1131 1982 imperatorin,
1151 1881 1305 1956 centnm
1328 1897 1480 1954 marcae
1505 1868 1611 1953 libe—
1645 1834 1806 1924 camel

196 2016 342 2115 rentur,
366 2016 403 2090 et
422 2032 502 2090 una
519 2005 621 2090 bona
647 2007 756 2090 navis
782 2033 871 2090 cum
897 2007 1019 2118 probo
1037 2007 1343 2118 gubernatore
1311 2033 1366 2091 ers
1393 2004 1615 2090 exhibeatur

196 2167 319 2254 nsque
341 2143 391 2226 ad
410 2167 586 2226 securum
603 2150 757 2252 portum
774 2141 815 2224 in
833 2142 1006 2254 partibus
1023 2168 1171 2227 eorum.

277 2357 370 2440 (not.
385 2377 434 2440 ap.
451 2360 581 2436 Brun,
595 2358 712 2424 Fcedcr.
728 2367 758 2423 ct
769 2367 912 2438 mest,
923 2365 997 2424 tom.
1012 2364 1040 2438 Ι,
1054 2379 1085 2442 p.
1099 2371 1168 2438 trs,
1179 2379 1218 2424 ex
1228 2361 1319 2424 mtnl.
1329 2360 1421 2423 lttter.
1434 2357 1574 2440 clunem.)

244 2548 319 2620 Iiex
340 2550 379 2621 II.
404 2548 617 2622 thesauramo
637 2559 672 2623 et
693 2551 730 2624 F.
757 2561 791 2624 et
806 2550 863 2624 W.
883 2550 1081 2625 camerariis
1104 2550 1262 2622 salntem.
1289 2549 1446 2623 Liberata
1471 2549 1517 2622 de
1538 2547 1613 2621 the-

195 2693 299 2746 sauro
315 2682 432 2746 nostro
450 2672 624 2747 Bemardo
643 2674 688 2748 de
706 2675 888 2750 Horsmare
905 2685 939 2748 et
960 2673 1113 2748 Amoldo
1128 2673 1175 2746 de
1191 2672 1371 2746 Gimenich
1388 2673 1451 2770 (a),
1473 2673 1612 2748 nunciis

196 2797 328 2873 domini
347 2798 580 2896 imperatoris,
601 2799 626 2872 C
647 2821 781 2875 marcas
800 2799 848 2876 ad
874 2821 1047 2897 expensas
1071 2819 1156 2872 snas
1179 2819 1302 2872 versus
1324 2807 1438 2894 partes
1462 2819 1544 2872 snas
1568 2799 1612 2872 de

196 2919 289 2996 dono
308 2933 436 2997 nostro.

244 3047 343 3121 Teste
357 3049 519 3138 ilenrico,
534 3058 619 3142 etc,
634 3049 729 3146 apud
747 3048 880 3123 Turrim
895 3048 1161 3136 londinensem,
1178 3048 1208 3119 V
1222 3047 1280 3122 die
1294 3045 1499 3140 decembris,
1518 3069 1610 3121 anno

195 3171 292 3268 regni
310 3173 419 3247 nostri
436 3174 511 3247 VIII
525 3171 591 3270 (t),
610 3195 673 3270 per
689 3171 864 3246 eumdem.

242 3296 447 3376 Mandatum
470 3307 524 3373 est
547 3299 695 3373 Itoberto
722 3297 768 3373 de
790 3299 896 3372 Nerel
914 3298 1118 3372 constabulo
1144 3296 1334 3371 Doverensi
1361 3298 1458 3391 qnod
1484 3298 1612 3372 babere

196 3421 298 3494 lacIat
313 3423 489 3499 bernardo
505 3424 551 3498 de
572 3426 754 3500 Ilorsmare
777 3431 812 3496 et
834 3422 936 3496 sociis
952 3423 1044 3514 snis,
1062 3421 1201 3495 nunciis
1225 3419 1358 3494 domini
1377 3421 1608 3518 imperatorie,

196 3567 302 3619 unam
321 3547 449 3622 bonam
472 3571 596 3624 navem
615 3547 662 3622 ad
681 3547 971 3622 transfretandum
989 3570 1112 3621 versus
1133 3555 1248 3643 partes
1268 3568 1368 3638 snas,
1386 3555 1422 3619 et
1440 3547 1490 3620 cis
1514 3547 1610 3619 simi·

194 3669 272 3744 liter
281 3670 410 3746 babere
424 3649 528 3745 iaciat
543 3695 651 3744 unum
668 3673 816 3768 probum
832 3681 867 3744 et
880 3673 1025 3768 legalem
1039 3671 1216 3746 hominem
1229 3669 1274 3743 de
1287 3669 1477 3745 sandwich
1495 3673 1551 3746 vel
1564 3672 1609 3747 de

235 3845 275 3929 (a)
296 3848 332 3910 In
345 3850 496 3928 Impressit
508 3844 635 3928 Ernnlso
648 3843 683 3906 dc
697 3843 837 3926 GImclia,
851 3849 939 3912 mala.

232 4161 269 4234 (t)
285 4161 345 4218 Iam
366 4163 442 4237 prius
460 4179 508 4222 rex
521 4165 684 4240 Anglomm,
699 4165 803 4224 scilicet
823 4167 853 4221 tt
875 4165 945 4238 junii
965 4166 1030 4223 tant
1044 4207 1052 4236 ‚
1066 4163 1165 4240 legatos
1186 4165 1215 4222 in
1234 4165 1411 4226 Allemaniam
1434 4167 1560 4240 miserat,
1583 4176 1614 4227 ut

196 4263 288 4315 monet
299 4259 416 4332 druna,
433 4258 550 4331 ibides,
563 4279 592 4337 p.
608 4265 671 4334 tot,
684 4263 780 4321 littoris
791 4262 891 4320 clausis
903 4277 972 4336 qnae
983 4269 1154 4336 sequuntur:
1173 4264 1258 4321 «Itex
1270 4265 1302 4322 E.
1313 4265 1479 4324 thesaurario
1496 4267 1569 4325 etl.
1586 4275 1614 4326 et

198 4373 211 4407 ι
226 4356 260 4414 It.
273 4357 430 4418 mmerariis
443 4358 566 4424 mutam.
580 4360 704 4418 Liberata
718 4361 753 4421 de
766 4361 893 4418 thesemo
903 4366 998 4420 nostm
1009 4360 1115 4419 dilectis
1130 4359 1209 4420 nobis
1227 4361 1319 4432 abbati
1337 4363 1452 4422 belliloci
1469 4370 1498 4422 et
1517 4365 1611 4424 Walc·

199 4469 213 4502 ι
227 4468 292 4512 rano
306 4456 471 4515 'theotonice
488 4457 616 4515 cuntibus
639 4457 773 4533 usquead
787 4458 953 4534 dqoasgrani
967 4457 994 4514 in
1008 4457 1136 4516 nuncium
1150 4463 1270 4516 nostrum
1288 4460 1383 4533 viginti
1400 4475 1505 4520 marcas
1519 4462 1552 4519 ad
1565 4477 1614 4520 ax·

199 4567 213 4600 r
227 4564 326 4622 pensas
343 4569 420 4626 sons,
438 4561 467 4611 ct
480 4555 594 4614 Iohanni
606 4557 681 4631 Lupo
694 4557 792 4614 nuncio
804 4572 836 4614 ac
848 4555 994 4631 imperialis
1006 4555 1066 4614 aule
1079 4556 1225 4614 camerario
1236 4557 1356 4630 quinque
1371 4574 1475 4618 marcas
1491 4561 1526 4618 de
1544 4561 1615 4620 dono

199 4663 212 4696 ι
227 4653 331 4705 nostro.
340 4649 421 4709 Teste
432 4652 557 4725 llenrico,
574 4659 638 4724 etc,
655 4654 726 4728 apud
737 4653 933 4730 Norbampton,
948 4653 987 4712 III
999 4653 1138 4728 diejnnii,
1150 4655 1345 4729 pereundam,
1360 4672 1431 4716 anno
1442 4659 1517 4733 regni
1529 4659 1613 4718 nostri

200 4744 358 4817 »quintos
