4324 5916
528 589 590 650 arr
1057 591 1229 655 nnumcr
1255 591 1424 656 surrrur
1753 597 1833 676 [nn.
1852 599 1936 666 mes.

528 721 727 831 proscripti
750 720 982 806 abbatissam
1002 737 1040 806 et
1061 725 1257 808 ecclesiam
1281 724 1666 839 Sonnenburgensem
1693 729 1733 812 in
1756 729 1866 814 bonis
1891 734 1938 816 de

523 855 610 965 jure
627 856 849 939 vacantibus
867 859 1050 968 impedire
1068 883 1135 943 seu
1153 860 1355 944 molestare
1376 863 1527 946 audeat.

605 1094 704 1176 (Edld.
720 1097 892 1176 Hortum,
911 1098 1006 1163 daco.
1025 1099 1078 1163 der
1092 1099 1202 1183 Grusrt.
1221 1099 1324 1179 Tit-ol,
1338 1101 1549 1178 Urkmdenn„
1559 1119 1591 1182 p.
1605 1103 1684 1184 193.)

572 1310 754 1386 Heinricus
775 1313 839 1385 Dei
862 1315 973 1408 gratia
997 1315 1230 1388 Romanorum
1255 1335 1320 1387 rex
1345 1321 1379 1388 et
1401 1335 1538 1411 semper
1560 1321 1748 1408 augustus,
1769 1315 1938 1389 universis

522 1436 658 1533 imperii
674 1435 839 1512 fidelibus
854 1439 984 1534 quibus
1004 1439 1069 1514 hoe
1087 1439 1199 1514 littere
1215 1448 1351 1513 ostense
1365 1439 1495 1513 luerint
1511 1439 1658 1534 gratiam
1672 1461 1772 1512 suam
1787 1449 1822 1514 et
1837 1461 1938 1515 omne

521 1563 665 1635 bonum.
685 1563 874 1637 Constituto
891 1586 1007 1638 coram
1033 1565 1133 1638 nobis
1156 1564 1366 1640 venerabilis
1386 1563 1562 1638 abbatissa
1582 1565 1854 1658 Sonaburgensis
1875 1588 1937 1640 ec-

522 1688 625 1762 clesie
642 1710 704 1786 per
721 1691 926 1764 sententiam
949 1691 1146 1788 principum
1163 1700 1199 1766 et
1214 1699 1415 1786 magnatum
1432 1690 1568 1787 imperii
1584 1691 1734 1764 obtinuit
1748 1691 1845 1786 qnod
1859 1691 1937 1766 Otto

522 1812 567 1886 de
584 1813 669 1888 villa
681 1815 796 1888 Sancti
814 1816 964 1906 Martini,
984 1827 1168 1914 postquam
1184 1839 1207 1890 a
1224 1816 1443 1890 serenissimo
1463 1815 1605 1890 domino
1622 1815 1827 1912 imperatore
1841 1825 1937 1913 patre

519 1948 636 2014 nostro
653 1961 717 2037 pro
734 1941 884 2016 violenta
904 1943 1125 2040 oppressione
1145 1941 1300 2016 mulieris
1319 1941 1577 2037 proscriptionis
1591 1941 1734 2016 vinculo
1750 1941 1862 2016 fuerat
1876 1942 1936 2014 in-

521 2063 688 2157 nodatus,
718 2067 767 2140 nil
792 2067 904 2163 potnit
930 2067 1103 2143 derebus
1128 2067 1204 2142 suis
1230 2066 1414 2164 disponere
1436 2068 1493 2140 rel
1521 2065 1751 2162 quidcunque
1776 2066 1936 2142 ordinae

520 2188 618 2284 quod
644 2191 787 2264 ecclesie
809 2192 1047 2287 prenominato
1072 2191 1214 2289 aliquod
1242 2199 1359 2288 posset
1375 2191 1433 2264 vel
1459 2188 1601 2266 deberet
1621 2190 1853 2288 prejudicium
1873 2211 1936 2285 ge-

521 2335 655 2388 nerare.
674 2315 744 2388 Nos
763 2316 882 2412 itaque
902 2314 948 2388 da
965 2315 1184 2412 pmvidentia
1204 2316 1338 2390 consilii
1357 2315 1483 2408 nostri,
1507 2315 1612 2389 latam
1629 2315 1835 2390 sententiam
1852 2335 1935 2388 anc-

521 2439 656 2512 toritate
681 2439 777 2535 regia
800 2439 1039 2515 confirmantes
1046 2495 1066 2555 ,ι
1078 2441 1284 2516 mandamus
1301 2441 1368 2514 sub
1387 2439 1665 2515 interminatione
1686 2440 1797 2536 gratie
1820 2447 1935 2514 nosue

521 2562 662 2638 firmiter
681 2567 910 2664 precipientes
928 2577 967 2640 ut
987 2568 1104 2642 nullus
1119 2567 1165 2641 sit
1185 2565 1355 2640 haredum
1370 2567 1427 2640 vel
1448 2587 1687 2640 successorum
1708 2573 1770 2640 aut
1788 2585 1934 2638 consan-

519 2689 725 2784 guineorum
750 2692 885 2766 Ottonis
900 2694 1059 2782 antefati,
1078 2693 1139 2789 qui
1162 2691 1354 2790 predictam
1378 2692 1559 2766 ecclesiam
1582 2699 1643 2765 ant
1667 2690 1875 2766 abbatissam
1896 2690 1934 2762 in

520 2813 620 2889 bonis
637 2817 782 2892 ecclesie
805 2839 868 2892 sne
883 2817 1023 2912 dejure
1040 2817 1246 2893 vacantibus
1268 2815 1437 2914 impedire
1452 2837 1516 2892 seu
1531 2817 1712 2890 molestare
1732 2813 1861 2890 audeat
1877 2815 1933 2889 vel

520 2937 712 3035 dampnum
735 2951 796 3032 aut
825 2964 1012 3036 gravamen
1037 2942 1178 3038 aliquod
1206 2943 1368 3038 irrogare.
1395 2939 1499 3030 Quod
1527 2939 1590 3038 qui
1615 2941 1727 3014 lacem
1750 2947 1931 3036 attempta·

518 3065 621 3156 verit,
641 3065 915 3161 indignationem
936 3067 1105 3142 tremendi
1121 3067 1251 3164 judicis
1270 3076 1456 3164 nostreque
1476 3065 1693 3142 celsitudinis
1708 3086 1853 3162 gravem
1874 3065 1933 3138 ol-

519 3191 652 3264 lensam
670 3213 709 3265 se
725 3193 860 3266 noverit
873 3194 1104 3268 incursurum.

568 3315 655 3390 Data
670 3316 765 3412 apud
784 3317 975 3414 Brixinam,
993 3320 1026 3393 X
1043 3316 1212 3394 kalendas
1228 3318 1323 3412 maii,
1343 3317 1532 3394 indictione
1549 3317 1655 3392 Xllll.

362 3947 423 3990 aa
448 3977 456 4000 ‚
575 3908 672 3993 Cum
690 3909 802 3994 multi
817 3910 1006 4020 principes
1020 3911 1213 3996 Teutonici
1227 3913 1289 4020 [ad
1306 3911 1451 3996 curiam
1469 3911 1773 4015 Cremonensem]
1791 3935 1933 4019 prope-

322 4010 345 4045 η
388 4032 395 4052 ’
455 4011 475 4043 ⁰⁸
520 4052 668 4150 rorent,
691 4069 770 4126 una
793 4069 882 4126 cum
904 4043 983 4129 filio
1001 4043 1239 4154 imperatoris
1265 4073 1355 4156 rege
1378 4045 1554 4129 Heinrico
1580 4045 1684 4155 apud
1710 4043 1930 4128 Tridentum

518 4205 587 4290 per
611 4204 677 4261 sex
698 4177 960 4263 hebdomadas
979 4191 1280 4288 commorantur,
1300 4205 1379 4264 non
1398 4181 1566 4266 valentes
1583 4176 1762 4290 progredi
1779 4187 1932 4286 propter

517 4311 763 4396 rebellionem
787 4310 1061 4396 Veronensium
1088 4313 1155 4424 qui
1174 4313 1309 4397 Clusas
1333 4313 1607 4398 Veronensium
1633 4323 1726 4396 tunc
1746 4309 1931 4395 obtinue-

518 4454 622 4528 runt.
646 4445 812 4543 Quidam
843 4457 971 4529 autern
1000 4445 1189 4556 principes
1215 4447 1264 4529 de
1284 4447 1449 4529 Saxonia
1473 4447 1549 4530 alia
1569 4447 1632 4529 ria
1653 4469 1721 4554 per
1738 4442 1930 4527 dustriam

520 4588 611 4662 sunt
636 4578 686 4660 ad
711 4579 978 4688 imperatorem
1009 4579 1185 4690 ingressi.
1211 4580 1289 4664 Rex
1314 4589 1441 4664 autern
1466 4605 1490 4663 a
1517 4579 1714 4681 Tridento,
1745 4601 1824 4661 non
1850 4575 1929 4658 viso

518 4715 764 4824 imperatore,
784 4713 1125 4824 comprincipibus
1151 4713 1191 4795 in
1213 4715 1480 4799 alemanniam
1505 4714 1630 4800 inacte
1654 4708 1925 4817 reuertitur3iu
