4324 5916
566 559 626 624 896
1086 557 1258 620 11111111101
1284 557 1450 622 suuntur
1788 559 1866 646 [An.
1887 563 1970 626 1226.

615 697 740 766 Detum
757 701 857 768 sexto
875 693 1041 768 kalendas
1057 693 1266 788 decembris,
1289 695 1479 772 indictione
1493 697 1616 793 quinte
1631 695 1780 771 decime.

781 995 1763 1008 mmmm—*ffl—

619 1252 817 1354 Henrious‚
834 1251 1093 1334 Romanorum
1119 1277 1200 1356 rex,
1223 1253 1269 1335 ad
1290 1279 1419 1362 preces
1436 1253 1652 1364 principum
1665 1255 1705 1337 in
1722 1283 1793 1338 sus
1810 1257 1974 1366 genernli

566 1387 672 1470 curia
689 1384 949 1490 existentium,
969 1385 1213 1477 donationem
1231 1385 1410 1469 ecclesian
1440 1387 1479 1467 in
1507 1387 1709 1498 Esslingen
1737 1415 1760 1470 e
1782 1399 1889 1499 patre
1907 1415 1973 1472 suo

565 1519 755 1602 Friderico
773 1517 998 1626 imperatore
1024 1509 1216 1602 canonicis
1238 1519 1395 1630 meJ'oris
1421 1519 1599 1603 ecclesiae
1626 1521 1814 1630 Spirensis
1836 1521 1972 1604 factem

564 1661 687 1734 retem
709 1649 845 1757 habet,
865 1659 903 1732 et
923 1649 1112 1761 quidquid
1125 1649 1224 1759 juris
1241 1651 1282 1732 in
1306 1651 1380 1734 isto
1401 1651 1559 1736 ecclesia
1583 1651 1656 1735 sibi
1678 1663 1889 1762 competere
1915 1655 1975 1736 ui-

564 1785 676 1868 detur
692 1783 835 1867 eisdem
856 1783 1015 1868 confert.

643 1997 763 2072 (Inedlt.
779 2015 816 2059 ex
828 1996 894 2058 ltbr.
909 1997 1029 2076 obligat.
1040 1997 1144 2058 eccles.
1160 1995 1286 2077 spu.,t.
1296 1997 1327 2071 1,
1342 1995 1395 2058 iol.
1406 2005 1442 2058 et
1460 2012 1557 2072 verso,
1566 1997 1600 2058 1η
1613 1997 1734 2060 archivo
1746 1995 1971 2080 Gemuere)

562 2357 624 2400 mus
637 2344 844 2401 instrumentum
863 2343 938 2416 peois
956 2342 1049 2417 grilion
1064 2343 1209 2416 scriptum,
1224 2359 1278 2416 quo
1290 2342 1450 2401 Godsiridus
1462 2343 1618 2418 episcopos,
1633 2343 1725 2418 rigore
1736 2343 1884 2402 litterarum
1898 2343 1973 2402 iisn-

562 2441 611 2496 rici
624 2441 708 2514 regis,
724 2441 797 2498 cives
809 2455 1011 2498 cameracenses
1029 2440 1133 2512 benno,
1152 2440 1274 2499 emendis
1291 2447 1320 2498 st
1336 2441 1437 2498 catellis
1449 2441 1581 2515 qudetatos
1594 2440 1740 2498 denuntiet.
1756 2442 1889 2500 Iueditum
1910 2442 1971 2501 hue·

562 2551 649 2610 usque
666 2537 740 2610 jecet
755 2537 782 2593 in
801 2537 894 2595 codice
913 2553 994 2612 supra
1010 2543 1170 2611 memorato,
1189 2537 1234 2596 iol.
1251 2541 1285 2596 tt
1303 2554 1396 2609 verso,
1411 2544 1442 2594 ut
1458 2538 1580 2612 sequitur
1594 2556 1603 2595 ε
1620 2559 1634 2593 ι
1651 2540 1724 2596 Nous
1736 2539 1876 2598 cheIrms
1888 2557 1937 2614 per
1948 2539 1971 2597 1ο

565 2652 579 2687 ι
595 2635 733 2708 grassedo
746 2635 813 2692 Dieu
826 2651 957 2709 euasqucs
969 2636 1003 2692 de
1016 2636 1154 2708 Gambrai,
1167 2635 1268 2694 teisous
1282 2636 1398 2694 essuoir
1411 2651 1428 2694 a
1447 2641 1508 2694 tous
1520 2635 1614 2694 chiaus
1626 2636 1653 2693 ki
1667 2652 1713 2694 ore
1727 2643 1790 2694 sunt
1803 2643 1832 2696 et
1842 2638 1870 2694 ii
1882 2637 1973 2695 aueuir

565 2751 579 2785 η
594 2739 658 2790 suut
670 2733 697 2789 ki
709 2749 755 2791 ces
763 2733 853 2792 lettres
862 2739 958 2792 uerunt
965 2735 1000 2792 ire
1007 2735 1139 2809 querieles
1148 2741 1195 2793 out
1206 2741 1264 2793 este
1275 2742 1353 2792 entre
1364 2750 1433 2794 noue
1445 2741 1473 2792 et
1485 2749 1535 2793 uos
1545 2735 1697 2794 ancisseurs
1708 2751 1841 2810 euesquas
1851 2735 1886 2792 de
1896 2735 1971 2794 Cem-

564 2849 578 2885 s
594 2831 652 2890 brui
666 2832 736 2890 dune
754 2839 815 2906 pnrt
827 2838 855 2890 et
872 2833 912 2892 ies
928 2833 1023 2892 situlus
1041 2835 1076 2890 dn
1098 2833 1224 2892 Cambrei
1244 2833 1338 2891 deutre
1356 2837 1419 2908 part
1436 2833 1471 2890 de
1492 2833 1617 2907 pluseurs
1637 2833 1770 2907 qucrioiss
1780 2833 1808 2890 ki
1822 2839 1970 2892 mouente

565 2947 580 2982 s
596 2931 723 2988 emendes
736 2937 764 2988 et
780 2937 901 2990 aceteus
912 2937 941 2990 et
954 2931 988 2988 dc
1001 2931 1056 2988 ben
1068 2931 1135 2990 ruisi
1147 2949 1165 2988 u
1179 2931 1197 2989 11
1213 2931 1292 2990 citein
1309 2931 1400 2990 iurent
1411 2932 1464 2990 mis
1477 2947 1528 3008 per
1541 2931 1600 2990 ieur
1617 2931 1768 2990 deieutese
1783 2947 1818 2989 nc
1835 2937 1898 2990 taus
1908 2930 1969 2988 etei

565 3041 580 3076 ο
596 3030 655 3082 teus
667 3041 716 3084 nos
729 3026 880 3084 encisseurs
893 3041 1025 3098 eumques
1040 3027 1074 3084 de
1087 3026 1224 3098 Gembrai;
1245 3033 1273 3084 et
1292 3043 1341 3102 pur
1361 3027 1388 3085 te
1401 3043 1494 3102 pesse
1507 3027 1541 3084 de
1554 3031 1645 3084 nostre
1662 3027 1783 3100 Segneur
1794 3027 1855 3101 peis
1868 3032 1911 3086 est
1920 3026 1970 3084 tete

565 3140 579 3174 e
595 3121 725 3180 reformes
734 3129 809 3180 entre
823 3139 873 3181 uos
887 3129 916 3180 et
930 3139 980 3180 eus
993 3125 1027 3180 ke
1040 3139 1109 3182 nous
1120 3124 1179 3181 leur
1191 3124 1296 3182 ouitons
1308 3123 1334 3182 le
1346 3123 1401 3181 bau
1414 3130 1442 3182 ct
1455 3123 1557 3198 gietons
1568 3123 1622 3182 fors
1633 3129 1662 3180 et
1671 3123 1774 3182 deuons
1785 3129 1857 3182 esus
1868 3127 1971 3180 wareut

565 3239 578 3274 r
593 3223 740 3290 stennone,
753 3221 777 3277 si
788 3235 849 3278 com
863 3219 898 3277 cil
910 3220 938 3277 ki
949 3219 1013 3278 bien
1023 3235 1058 3277 en
1072 3235 1156 3279 nuons
1167 3221 1244 3294 pooir
1257 3235 1306 3295 per
1316 3221 1356 3279 les
1371 3220 1465 3280 lettres
1476 3227 1567 3278 nosue
1579 3220 1686 3295 seignur
1698 3221 1724 3278 le
1738 3221 1778 3278 roi
1790 3221 1874 3278 iteuri
1887 3219 1970 3279 dila·

563 3336 578 3372 s
593 3319 698 3392 msigne
711 3323 740 3376 et
750 3333 799 3392 per
811 3333 861 3376 nos
873 3333 1006 3376 messmes
1017 3318 1088 3391 aqui
1100 3319 1118 3376 ti
1129 3317 1247 3394 querisis
1257 3325 1358 3378 monto.
1368 3319 1403 3376 111
1414 3323 1488 3376 cade
1499 3319 1627 3392 educes
1636 3317 1796 3377 isisonsucs
1805 3333 1858 3393 par
1871 3317 1971 3376 inerms

563 3434 577 3468 s
593 3423 621 3474 st
632 3431 666 3472 en
678 3416 702 3472 te
714 3431 839 3490 presense
851 3416 886 3474 de
897 3422 989 3474 nosue
999 3416 1097 3490 cepitis
1108 3421 1137 3474 et
1150 3432 1200 3492 par
1217 3416 1257 3474 les
1278 3415 1359 3474 intres
1373 3414 1400 3474 te
1415 3416 1455 3474 roi
1468 3415 1503 3473 ke
1517 3431 1585 3474 uous
1596 3415 1656 3474 leur
1669 3415 1825 3486 reddense,
1839 3421 1869 3474 et
1879 3414 1969 3474 ηο1οηο

562 3527 576 3563 s
592 3517 620 3567 et
633 3511 709 3569 iocus
721 3513 756 3569 ke
769 3517 857 3570 toutee
870 3513 1004 3586 querieles
1017 3513 1045 3568 ki
1059 3519 1134 3569 entre
1146 3529 1213 3570 nous
1224 3519 1253 3570 et
1263 3528 1313 3570 noe
1326 3511 1477 3570 eucmseurs
1485 3511 1557 3570 dunc
1571 3519 1634 3586 pert
1645 3517 1673 3568 et
1688 3527 1737 3570 eus
1747 3511 1843 3569 dentre
1855 3519 1905 3569 out
1916 3515 1969 3568 este

563 3627 577 3660 η
592 3609 627 3665 de
641 3609 685 3666 chi
701 3625 717 3666 e
732 3617 790 3667 cest
809 3611 849 3668 ior
870 3611 950 3680 dore,
973 3610 1002 3666 tri
1023 3617 1145 3668 montent
1160 3625 1176 3667 n
1196 3609 1324 3668 amendes
1344 3615 1372 3667 st
1385 3626 1402 3666 e
1414 3615 1521 3677 eeteus,
1536 3609 1636 3666 sotient
1646 3610 1736 3683 quites
1748 3609 1864 3667 clamees
1875 3625 1893 3666 a
1904 3611 1969 3666 bone

563 3725 577 3760 n
593 3707 638 3764 toi.
657 3709 691 3764 Et
703 3722 753 3780 por
765 3723 815 3778 pou
826 3707 994 3766 neutendons
1008 3723 1077 3766 nous
1089 3707 1143 3766 mia
1153 3723 1207 3781 que
1218 3707 1258 3766 les
1271 3707 1408 3780 segnories
1424 3713 1453 3765 et
1470 3705 1511 3765 ies
1523 3705 1638 3780 Justiees
1658 3707 1693 3764 ds
1714 3705 1740 3765 1ο
1756 3707 1809 3765 cite
1820 3705 1848 3763 ki
1867 3711 1968 3765 nocuos

562 3811 656 3864 »sunt
672 3811 700 3862 et
711 3822 761 3880 par
774 3807 865 3864 kartes
878 3813 907 3864 et
919 3822 968 3879 per
980 3807 1122 3880 priuilegns
1142 3806 1177 3864 de
1196 3807 1251 3866 rois
1272 3813 1300 3864 et
1318 3807 1492 3882 dempsreurs
1509 3805 1574 3864 neli
1588 3805 1637 3864 lois
1657 3820 1708 3879 par
1720 3805 1783 3880 quoi
1796 3804 1904 3862 lieittes
1915 3801 1969 3862 doit

561 3926 576 3956 η
592 3910 663 3962 'estre
676 3919 822 3978 gouernee,
837 3919 891 3976 que
911 3917 979 3960 nous
1000 3904 1094 3960 ieucns
1114 3903 1196 3974 mise,
1213 3904 1241 3961 tn·
1257 3903 1378 3962 eusenius
1400 3910 1465 3962 sumt
1481 3904 1515 3962 ds
1538 3909 1629 3961 nostre
1646 3901 1726 3968 senil,
1745 3917 1794 3976 per
1814 3900 1839 3958 lc
1856 3901 1920 3960 secil
1935 3899 1968 3957 de

561 4019 575 4054 r
592 4001 682 4075 leglise
695 4007 724 4058 et
734 4017 783 4073 par
792 4001 817 4057 le
831 4001 895 4058 senil
909 4001 942 4057 de
957 4001 983 4058 ie
992 4001 1058 4072 cito,
1072 4001 1167 4058 soiinnt
1185 4001 1336 4059 emenusies
1347 4017 1382 4058 cn
1395 4001 1458 4058 nuic
1470 4001 1555 4074 pertis
1574 4016 1624 4076 por
1636 4015 1700 4057 ocse
1711 3999 1738 4055 ki
1752 3998 1796 4055 chi
1808 3998 1908 4055 deuant
1918 3996 1967 4054 soit

562 4117 576 4152 s
591 4099 659 4170 dite;
675 4098 733 4155 eins
751 4113 819 4156 nous
836 4103 898 4156 sont
916 4103 1004 4156 toutcs
1024 4113 1122 4156 eauues
1134 4098 1191 4156 etli
1205 4099 1305 4172 iretagc
1320 4105 1348 4157 et
1361 4099 1401 4158 les
1413 4099 1549 4156 dreitures
1563 4097 1592 4154 tri
1604 4111 1621 4154 e
1633 4111 1702 4155 nous
1714 4096 1882 4171 spertieneut
1897 4101 1924 4152 et
1934 4091 1966 4148 ds

560 4215 575 4248 s
589 4211 640 4270 par
657 4196 682 4252 le
699 4201 776 4255 conte
790 4197 864 4253 etde
874 4211 924 4270 per
935 4195 1092 4270 leuesquiet.
1107 4197 1142 4253 Et
1156 4211 1190 4253 en
1203 4197 1384 4272 tesmcigusge
1396 4195 1431 4254 de
1443 4211 1490 4254 ces
1501 4209 1580 4254 oosss
1592 4209 1677 4252 auons
1688 4209 1755 4252 nous
1767 4193 1820 4250 mis
1834 4209 1870 4252 no
1880 4191 1966 4250 senile

560 4311 574 4346 η
589 4308 636 4352 ons
647 4293 730 4352 intres
740 4299 768 4350 et
781 4292 799 4350 11
810 4291 982 4367 cepitlesetli
991 4291 1178 4364 citesausi,en
1192 4291 1236 4350 ten
1247 4290 1291 4350 del
1301 4293 1465 4352 mmmdcc
1478 4293 1560 4352 Iehsu
1570 4291 1641 4350 crist
1651 4291 1699 4350 mii
1709 4291 1787 4350 (icet
1798 4289 1858 4350 rint
1866 4293 1896 4347 et
1907 4287 1963 4357 wit.

559 4392 614 4448 sel
636 4392 705 4450 mois
724 4391 916 4449 umentia.»
943 4391 1027 4464 teges
1045 4395 1135 4448 nutem
1156 4389 1190 4446 de
1211 4388 1310 4462 quibus
1330 4388 1375 4446 hio
1394 4389 1483 4462 egitur
1500 4387 1717 4464 frequentimime
1738 4391 1919 4444 memorentur
1937 4383 1964 4440 in

557 4491 696 4549 auuelibus
708 4489 961 4559 cameracensibus,
976 4487 1028 4546 sub
1049 4487 1102 4546 hcc
1120 4485 1251 4546 vocabulo
1274 4485 1325 4544 loir
1346 4485 1493 4560 chefropr
1515 4501 1585 4559 quse
1607 4485 1717 4560 quidem
1739 4483 1821 4540 letius
1845 4479 1965 4540 simulet

558 4588 651 4664 gallice
663 4588 788 4644 redactae
802 4587 873 4660 apud
884 4586 1028 4656 Moesum,
1045 4589 1066 4640 t.
1077 4583 1122 4655 tv,
1134 4599 1163 4658 p.
1176 4585 1239 4654 391,
1252 4589 1281 4640 et
1292 4599 1338 4657 ap.
1356 4583 1487 4640 Minnica
1501 4599 1573 4657 pour
1585 4583 1628 4642 11.
1642 4579 1738 4639 t'crci.
1754 4578 1786 4637 do
1799 4573 1964 4637 ccmtrdin

558 4685 690 4760 integrum
701 4685 881 4760 reperiuntur,
893 4683 944 4742 sub
958 4683 1022 4740 data
1034 4681 1114 4754 tiit,
1129 4695 1224 4740 mense
1234 4679 1399 4739 novembris.
