4466 5914
297 605 396 666 lrnror.
414 604 475 683 lt]
743 601 943 664 HISTORIA
968 599 1265 664 bretonarlcrt.
1656 597 1717 662 615

298 739 413 814 Sicilie
430 759 507 812 rex.
523 735 677 810 Preolara
697 733 853 812 fidelium
870 743 1065 810 nostrorum
1081 735 1251 832 obsequie
1264 733 1454 811 manifestis
1474 733 1614 808 indiciis
1631 756 1716 830 ope·

297 887 374 938 rum
396 863 619 960 comprobata
640 870 735 936 tanto
755 861 924 938 debemus
945 861 1110 936 libentius
1128 859 1363 936 munificentie
1378 867 1495 934 nostre
1513 859 1717 935 muneribus

297 989 479 1085 prevenire
497 996 628 1082 quanto
647 986 845 1066 celsitudini
866 994 982 1060 nostre
1001 995 1100 1081 grata
1121 986 1332 1060 exhibentur
1355 985 1483 1081 pariter
1504 993 1540 1057 ot
1560 993 1713 1082 accepta.

297 1113 465 1186 Nolumus
491 1111 584 1186 enim
605 1133 626 1186 a
649 1108 809 1184 mecedo
836 1111 1001 1206 repellere
1026 1111 1103 1184 illos
1127 1134 1148 1184 a
1175 1111 1304 1206 quibos
1331 1107 1499 1184 beneficia
1524 1109 1716 1206 recepimus

298 1237 447 1332 gratiosa
470 1257 536 1312 nec
560 1235 792 1310 benemeritos
816 1236 892 1310 sins
916 1235 1089 1330 condigne
1111 1236 1347 1310 retributionis
1373 1235 1615 1309 vicissitudine
1639 1257 1716 1332 pre·
1847 1235 1850 1238 ’

299 1361 413 1434 terire.
436 1361 615 1437 Universis
642 1359 750 1456 igitur
778 1360 914 1456 imperii
942 1361 1049 1434 nostri
1079 1359 1242 1434 fidelibus
1267 1368 1337 1434 tam
1369 1360 1585 1455 presentibus
1610 1381 1716 1456 quam

300 1486 425 1560 tuturis
438 1487 601 1560 volumus
619 1507 696 1560 esse
717 1495 838 1558 notum
862 1484 959 1580 quod
980 1507 1045 1560 nos
1064 1484 1265 1582 diligentius
1288 1483 1506 1560 attendentes
1524 1483 1630 1558 fidem
1648 1507 1715 1581 pu·

301 1633 374 1684 ram
399 1619 435 1686 et
459 1611 679 1686 devotionem
700 1611 870 1686 sinceram
897 1631 1004 1706 quam
1027 1631 1213 1686 commone
1240 1610 1389 1684 civitatis
1411 1610 1564 1702 Mutine,
1596 1609 1717 1686 fideles

302 1737 429 1824 nostri,
457 1759 539 1832 erga
564 1737 824 1834 prodecessores
848 1743 883 1809 et
900 1735 1054 1812 maxime
1069 1738 1302 1833 progenitores
1326 1745 1459 1810 nostros
1486 1737 1718 1810 Romanorum

301 1860 523 1954 imperatores
541 1860 706 1934 memorie
726 1858 910 1933 recolende
935 1881 1069 1935 necnon
1085 1869 1121 1934 et
1138 1861 1378 1936 celsitudinem
1404 1866 1556 1933 nostram
1582 1879 1718 1956 semper

301 1983 466 2058 babuisse
488 1993 696 2078 noscuntur;
718 1985 920 2080 diligentius
946 1985 1050 2060 etiarn
1076 1984 1292 2060 attendentes
1315 1983 1431 2060 fidelia
1457 1984 1540 2058 satis
1563 1992 1598 2058 st
1620 1993 1718 2079 grata

301 2109 442 2182 servitia
467 2131 537 2204 que
564 2109 665 2184 nobis
690 2118 725 2182 et
746 2109 892 2206 imperio
913 2129 1050 2206 semper
1072 2109 1309 2182 exbibuerunt
1331 2117 1366 2183 et
1385 2129 1456 2204 quo
1485 2109 1521 2182 in
1548 2117 1648 2184 antea
1672 2109 1718 2184 de

301 2233 391 2307 bono
417 2234 454 2306 in
478 2234 603 2308 melius
624 2243 785 2330 poterunt
806 2233 991 2325 exhibere,
1015 2233 1061 2307 de
1087 2234 1205 2308 innata
1228 2234 1371 2306 culmini
1396 2243 1513 2308 nostro
1538 2235 1717 2310 clementia

301 2379 370 2454 qua
388 2357 509 2434 fideles
523 2369 657 2434 nostros
673 2369 707 2434 et
726 2358 954 2434 benemeritos
974 2358 1081 2454 digne
1096 2380 1231 2455 semper
1246 2359 1492 2432 consuevimus
1513 2359 1714 2454 prevenire,

302 2483 460 2557 homines
486 2484 644 2577 ejusdcm
669 2483 819 2557 civitatis
842 2483 1089 2578 undecumque
1114 2504 1177 2579 per
1203 2493 1318 2580 partes
1343 2484 1478 2580 imperii
1503 2493 1718 2558 transeuntes

303 2616 336 2680 et
351 2608 529 2682 venientes
542 2607 589 2682 ad
605 2608 777 2684 civitatem
799 2607 959 2682 eamdem
973 2628 1053 2680 cum
1071 2608 1227 2704 personis
1242 2617 1277 2682 st
1290 2609 1395 2682 rebus
1410 2629 1530 2684 eorum
1554 2610 1717 2684 omnibus

302 2732 369 2805 sob
386 2733 596 2828 protectione
617 2742 732 2807 nostre
746 2733 933 2827 majestatis
947 2731 1169 2829 recipientes,
1187 2732 1409 2806 concedimus
1424 2743 1459 2806 et
1475 2731 1718 2808 confirmamus

303 2857 458 2950 ejusdem
479 2857 629 2932 civitatis
645 2858 869 2933 communiet
883 2857 1071 2937 heredibus
1093 2879 1135 2932 ac
1161 2879 1282 2932 eorum
1307 2859 1564 2932 successoribus
1583 2859 1621 2932 in
1641 2883 1719 2956 per·

303 2990 446 3078 petuam
472 2983 590 3058 omnia
614 2982 796 3080 privilegia
822 2993 858 3056 et
882 2983 1121 3058 concessiones
1150 2985 1258 3058 factm
1285 2983 1336 3057 eis
1363 3005 1384 3056 a
1414 2983 1719 3080 prodecessoribus

304 3109 427 3182 nostris
452 3109 684 3182 Romanorum
708 3108 975 3206 imperatoribus
996 3131 1060 3184 sen
1084 3109 1227 3204 regibus
1250 3117 1285 3181 st
1307 3129 1429 3188 omnes
1452 3108 1561 3182 bonos
1578 3131 1664 3183 usos
1684 3119 1721 3185 et

305 3232 570 3307 consuetudinoe
581 3241 652 3322 tam
668 3233 704 3304 in
720 3233 861 3308 civitate
871 3255 977 3328 quam
993 3242 1091 3308 extra
1103 3235 1140 3307 in
1154 3233 1313 3308 districtu
1326 3233 1535 3308 etcomitatu
1545 3234 1716 3328 ejusdem,

305 3358 431 3452 quibus
449 3358 652 3434 eorumdem
673 3357 956 3455 predecessorum
976 3367 1172 3434 nostrorum
1194 3359 1407 3456 temporibus
1431 3359 1486 3435 usi
1508 3359 1616 3434 luisse
1637 3381 1719 3434 nos·

305 3493 440 3557 cuntur.
462 3484 691 3560 Concedimus
707 3493 824 3560 autem
843 3483 928 3580 ipsis
944 3484 1221 3578 jurisdictionem
1245 3485 1384 3580 plenam
1401 3493 1472 3558 tam
1496 3484 1532 3558 in
1554 3485 1718 3560 crimina·

305 3609 397 3685 libus
411 3631 517 3704 quam
530 3609 566 3682 in
582 3609 746 3687 civilibus
758 3609 874 3683 causis
891 3609 927 3682 in
945 3609 1086 3682 civitate
1104 3619 1139 3682 et
1158 3617 1259 3684 extra
1274 3609 1311 3682 in
1327 3609 1485 3684 districtu
1505 3619 1540 3684 et
1556 3611 1721 3688 comitatu

305 3755 382 3826 suo,
395 3742 430 3807 et
441 3756 512 3830 que
526 3743 728 3831 competunt
737 3733 919 3807 occasione
928 3731 1180 3826 jurisdictionis
1194 3733 1316 3830 ipsius.
1331 3733 1567 3810 Derivationes
1580 3758 1721 3832 quoqne

304 3877 472 3952 aquarum
492 3857 599 3932 totins
620 3855 795 3932 districtos
814 3855 854 3954 et]
867 3859 1050 3932 comitatus
1075 3857 1230 3950 ejusdem
1255 3867 1325 3931 tam
1351 3858 1497 3932 fontium
1520 3881 1627 3954 quam
1655 3861 1720 3934 llu-

305 3980 437 4054 minum
454 3989 489 4055 et
503 3982 721 4078 publicorum
741 3981 896 4055 locorum
914 4003 1001 4056 usus
1021 3991 1057 4056 et
1076 3983 1257 4058 utilitatem
1272 3983 1532 4080 provenientem
1550 4005 1597 4058 ex
1612 3985 1664 4060 eis
1679 4007 1721 4060 ac

305 4114 506 4202 potestatem
524 4107 677 4180 bebendi
694 4105 892 4202 navigium,
910 4105 1097 4180 exercendi
1114 4116 1150 4180 et
1163 4107 1322 4182 mutandi
1339 4130 1452 4204 nsque
1470 4129 1564 4182 mare
1579 4117 1614 4182 et
1628 4131 1721 4206 quo-

305 4252 454 4327 cumque
484 4231 535 4306 ire
559 4231 734 4306 voluerint
750 4231 801 4306 eis
821 4229 1046 4306 concedimus
1065 4240 1099 4304 et
1121 4231 1260 4306 damus.
1276 4232 1504 4309 Concedimus
1524 4234 1667 4330 insuper
1682 4245 1722 4310 ut

305 4353 406 4428 liceat
419 4355 470 4430 eis
483 4356 613 4430 llumen
633 4355 758 4448 Situle,
779 4354 941 4432 Samodie
961 4365 997 4430 et
1016 4357 1201 4434 Scultenns
1217 4368 1351 4434 mutare
1366 4370 1402 4434 et
1417 4359 1596 4435 advertere
1611 4369 1647 4436 et
1669 4361 1721 4437 eis

305 4498 430 4574 aquam
454 4481 668 4576 ubicumque
692 4489 727 4554 et
746 4479 992 4576 undecumque
1017 4483 1192 4555 voluerint
1214 4483 1384 4558 derivare.
1408 4487 1460 4558 De
1475 4484 1719 4562 abundantiori
1784 4548 1787 4555 .

305 4623 446 4698 quoque
466 4605 576 4700 gratia
599 4605 814 4679 celsitudinis
837 4613 952 4677 nostre
964 4605 1188 4679 concedimus
1204 4608 1356 4703 predicte
1377 4608 1526 4682 civitatis
1545 4611 1720 4684 communi

306 4736 344 4799 ut
359 4727 492 4809 licitum
509 4731 553 4804 sit
573 4730 625 4806 eis
638 4739 812 4804 monetam
830 4729 898 4803 sub
918 4727 1115 4806 characters
1130 4733 1238 4806 nostri
1252 4733 1401 4808 nominis
1415 4754 1478 4831 pro
1496 4736 1675 4811 voluntate
1687 4747 1724 4812 et
