4324 5916
578 577 639 640 886
1103 576 1276 640 fluctuet
1303 577 1472 640 stertit!
1800 583 1880 662 [dn.
1900 584 1976 646 iffi

579 715 669 812 pelle
690 721 805 786 nostru
820 711 1031 804 lendscrcn,
1048 721 1123 786 tum
1139 735 1202 809 per
1216 736 1266 806 se,
1285 724 1359 788 tum
1373 739 1435 812 per
1448 717 1556 790 alium
1568 727 1728 812 procuret
1743 716 1863 792 divine
1875 720 1979 794 officie

631 837 756 913 ebreri.

579 841 742 1037 oel'frestcs
763 971 879 1036 nutem
898 962 961 1058 qni
982 961 1066 1036 buic
1083 963 1309 1057 recognitioni
1326 965 1553 1040 interfuerunt
1569 964 1606 1036 hi
1624 975 1707 1038 sunt
1721 967 1757 1039 S.
1781 969 1979 1044 venerabilis

576 1088 805 1184 Augustensis
825 1097 860 1160 et
879 1141 887 1159 .
912 1141 921 1158 .
946 1143 955 1160 .
982 1087 1227 1162 Eicbsteteneis
1244 1087 1411 1185 episcopi,
1428 1091 1467 1162 L.
1484 1089 1561 1164 dux
1578 1091 1750 1183 anerie,
1766 1091 1979 1168 Eberberdus

577 1215 711 1311 depiier
726 1213 771 1286 de
791 1213 964 1308 Welpero,
984 1212 1023 1285 C.
1042 1221 1077 1284 et
1092 1213 1132 1284 tt.
1150 1215 1272 1288 iratres
1288 1215 1452 1310 pincerne
1465 1213 1511 1290 de
1527 1215 1774 1290 Winterstetin.

625 1341 751 1410 Datum
766 1336 862 1433 upud
876 1339 996 1434 Heync
1012 1335 1043 1433 (t
1053 1335 1080 1432 )‚
1099 1337 1199 1412 nonis
1215 1338 1378 1432 octobris,
1400 1337 1588 1416 indictione
1603 1341 1678 1414 XV.

576 1930 836 2177 etet
862 1929 1127 2148 tetum
1160 1926 1464 2146 mett
1651 1927 1752 2146 tt
1769 1928 1980 2172 rtet

576 2197 746 2283 Wolfnrt
775 2197 981 2301 contradit,
1010 2088 1241 2308 cmnffie
1271 2089 1513 2279 traditioneffn
1544 2220 1663 2306 qnam
1695 2205 1802 2304 puter
1827 2221 1921 2280 suus
1946 2206 1981 2280 et

576 2333 712 2417 coeteri
738 2331 798 2414 sni
829 2331 1134 2440 praedecessores
1160 2331 1282 2414 eidem
1305 2329 1475 2414 fecerunt
1499 2327 1718 2435 confirmet,
1747 2339 1914 2414 statuens
1941 2340 1981 2414 ut

576 2495 622 2552 ee
635 2467 808 2551 libertate
824 2464 974 2548 fruetur
991 2491 1070 2576 qua
1084 2474 1231 2549 caetero
1247 2463 1430 2549 coenobio
1452 2464 1612 2548 Sanctae
1631 2465 1825 2549 Rcmunee
1845 2463 1979 2548 Eccle-

578 2601 656 2685 siae
679 2598 888 2684 attinentia.
1003 2637 1010 2660 .

656 2819 752 2900 (Edtd.
767 2819 883 2892 Lumo,
898 2813 1109 2888 nemete,
1124 2823 1198 2878 tom.
1211 2815 1330 2896 xvm,
1348 2833 1379 2894 p.
1398 2824 1474 2892 ⁷503
1488 2831 1571 2878 nnuc
1582 2821 1682 2879 tumen
1702 2816 1861 2878 comoedus
1873 2831 1911 2876 ex
1923 2816 1980 2876 cri·

691 2927 782 3005 glunit
795 2928 828 2986 in
841 2925 962 2986 urcbtro
974 2925 1185 3004 Stnttgurtenst
1197 2927 1373 2998 maneto.)

619 3115 658 3186 ln
683 3113 823 3186 nomine
845 3119 962 3186 sancte
981 3121 1016 3186 et
1034 3109 1220 3186 individue
1241 3111 1425 3186 Trinitatis.
1446 3110 1627 3186 Heinricus
1644 3109 1706 3184 Dei
1728 3109 1838 3204 gretia·
1854 3110 1979 3184 Romu-

571 3261 695 3313 norum
716 3259 780 3313 rex
797 3246 832 3310 et
852 3258 988 3332 semper
1011 3245 1193 3332 augustus.
1213 3234 1269 3310 Ad
1290 3237 1397 3310 eterni
1424 3237 1515 3332 regis
1529 3236 1700 3334 premium
1717 3235 1978 3331 promerendum

571 3371 728 3462 spectare
762 3360 953 3434 dinoscitur
989 3383 1193 3457 summeque
1225 3359 1448 3435 beatitudinis
1476 3361 1616 3456 gaudiis
1643 3381 1682 3434 ee
1709 3381 1778 3434 non
1807 3361 1978 3434 modicum

571 3485 775 3560 reconciliare
795 3481 947 3578 vidntur,
964 3485 1071 3560 immo
1087 3487 1268 3580 utriusque
1283 3486 1355 3560 vite
1380 3506 1561 3582 prosperos
1582 3493 1729 3562 eventus
1751 3483 1980 3562 indubitanter

573 3610 640 3686 sibi
654 3609 807 3706 adoptet,
819 3609 881 3706 qui
894 3609 1056 3688 ecclesias
1067 3609 1130 3682 Dei
1143 3619 1178 3684 ct
1190 3631 1288 3686 socru
1299 3611 1374 3686 locu
1387 3619 1422 3686 et
1435 3631 1600 3707 personne
1612 3612 1685 3684 Deo
1698 3609 1843 3702 dum,
1856 3610 1980 3708 quibus

574 3734 691 3830 gladio
710 3735 877 3810 materiali
898 3735 949 3808 uti
974 3735 1140 3812 nonlicet
1161 3756 1226 3809 nec
1244 3755 1401 3832 pugnare
1427 3733 1548 3810 datum
1565 3745 1636 3832 eet,
1656 3735 1862 3830 sublimpre,
1880 3756 1979 3808 munu

574 3869 692 3935 tenere
705 3869 740 3932 et
754 3859 866 3956 clipeo
881 3859 1092 3933 fortitudinis
1112 3858 1291 3933 defensore
1303 3858 1493 3950 studuerim
1513 3860 1692 3956 presertim
1709 3881 1768 3934 ees
1787 3883 1877 3955 quus
1889 3879 1979 3932 sucre
2125 3869 2126 3960 ξ

574 3985 695 4079 religio
717 3983 907 4058 admodum
925 3983 1143 4058 commendet
1161 3993 1196 4058 et
1212 3983 1362 4079 futgides
1379 3983 1511 4074 reddit,
1527 3993 1564 4058 et
1579 3983 1641 4057 ubi
1657 3984 1897 4058 tamulantium
1911 3985 1979 4056 Dec
2125 3961 2126 3998 ¹

574 4109 681 4185 corde
707 4109 744 4182 in
771 4129 888 4183 umore
911 4107 1034 4181 Christi
1055 4109 1184 4204 jugiter
1202 4109 1388 4183 ardescunt
1408 4115 1443 4182 et
1459 4109 1506 4184 ed
1529 4109 1623 4182 illam
1649 4109 1808 4184 celestem
1838 4107 1977 4205 putrium
2125 4175 2126 4214 ζ

575 4235 655 4309 totis
672 4233 807 4308 viribus
834 4233 999 4328 omnique
1021 4231 1194 4307 desiderio
1219 4233 1366 4307 dulciter
1383 4253 1425 4306 ec
1439 4219 1661 4308 vehementer
1680 4233 1856 4309 unbeiunt.
1874 4233 1978 4324 Hujus

573 4359 624 4435 rei
642 4358 769 4432 intuitu
790 4367 825 4432 et
845 4355 1006 4430 omnibus
1020 4357 1180 4467 'vigilanti
1202 4357 1318 4430 enimc
1338 4357 1525 4454 perspectis
1547 4368 1583 4432 et
1606 4357 1847 4451 consideretis,
1867 4356 1977 4430 unimo

610 4615 648 4688 (t)
668 4613 727 4687 Sic,
743 4613 792 4672 sed
812 4629 895 4690 supro
913 4613 1014 4672 ibidem
1026 4613 1123 4687 legitur
1141 4613 1227 4688 Hopc.
1246 4614 1351 4671 Nomen
1365 4619 1521 4688 corruptrnn
1540 4611 1640 4671 rectius
1663 4611 1806 4686 legendnm
1823 4611 1976 4671 arbitremur

575 4711 861 4786 emereretur,
874 4711 977 4771 scilicet
989 4713 1082 4785 Hono,
1093 4711 1190 4770 domus
1197 4710 1385 4772 canonicorum
1396 4711 1475 4786 juxto
1486 4721 1580 4770 muron
1592 4709 1752 4784 Herbipulis.
