4324 5916
530 567 591 631 908
1057 569 1227 632 llElllilGl
1253 567 1419 632 sertim
1757 562 1836 649 {Au
1854 561 1943 626 tm.

532 705 626 797 serit,
643 705 729 778 sciat
750 727 789 780 se
803 727 867 780 nos
880 706 999 782 lesisse
1011 715 1047 780 et
1063 706 1173 800 gratie
1192 715 1310 780 nostre
1326 703 1492 778 offensam
1508 701 1706 776 incurrisse.
1725 701 1770 774 llt
1785 722 1831 774 ne
1842 700 1945 774 heca

533 829 792 906 succedentium
814 834 978 908 memoria
1005 833 1139 930 possint
1154 831 1264 923 elabi,
1280 840 1475 928 presentem
1498 851 1603 926 snper
1627 828 1683 902 his
1705 828 1866 925 paginam
1889 829 1946 900 lc-

533 957 644 1030 cimus
661 958 831 1031 conscribi
848 967 884 1032 et
901 959 1007 1054 sigilli
1024 959 1131 1034 nostri
1147 958 1373 1055 impressione
1389 953 1531 1029 muniri.

581 1082 693 1175 Hujus
719 1083 952 1158 concessionis
979 1091 1083 1158 testes
1103 1091 1187 1157 sunt
1205 1082 1406 1157 Ludouicus
1429 1079 1506 1154 dux
1530 1077 1695 1171 Bavarie,
1716 1079 1948 1152 nortmannus

533 1227 649 1278 comes
667 1206 712 1280 de
729 1207 923 1302 Dillingen,
945 1208 1122 1284 Conredus
1144 1229 1260 1282 comes
1281 1207 1327 1282 de
1352 1208 1470 1298 Zolre,
1494 1203 1717 1278 Ebmhardns
1746 1203 1881 1300 dapifer
1903 1199 1948 1276 de

532 1330 749 1424 Waltburch,
769 1332 991 1407 Eberhardus
1008 1334 1054 1409 de
1069 1333 1298 1426 Frcnehofen,
1316 1333 1425 1406 etalii
1440 1331 1677 1428 quamplures.

582 1453 669 1528 Acta
686 1467 768 1530 sunt
780 1457 846 1530 hec
859 1479 952 1532 anno
963 1447 1396 1533 dominiceincarnaticnis
1409 1456 1591 1530 millesimo
1603 1453 1839 1529 ducentesimo
1851 1455 1949 1527 vice-

534 1579 622 1654 simo
635 1582 793 1677 septimo,
807 1582 996 1658 indictione
1007 1585 1130 1680 quinta
1141 1583 1289 1658 decima.
1304 1585 1430 1658 Datum
1442 1582 1553 1674 Ulmo,
1567 1581 1630 1654 XV
1641 1579 1807 1653 kalendas
1820 1577 1945 1652 martii.

773 1885 1163 1900 *Ἤ*

367 2207 442 2302 “po
486 2279 494 2302 ,
587 2176 793 2285 Hernicus,
813 2179 1074 2264 Romanorum
1096 2205 1183 2286 rex,
1203 2178 1435 2262 monasterie
1451 2178 1501 2262 dc
1517 2177 1753 2262 Waltsusaen
1776 2173 1842 2286 jus
1872 2199 1949 2284 pc-

534 2318 709 2396 trcnatus
727 2310 908 2396 ecclesiae
929 2313 970 2396 in
992 2312 1084 2396 villa
1106 2311 1307 2398 Wundrcb
1324 2312 1374 2396 ed
1399 2338 1441 2396 se
1454 2311 1542 2422 jure
1558 2310 1810 2396 haereditario
1826 2309 1950 2394 derc-

535 2443 661 2528 lutnm
679 2444 811 2529 donat.

617 2660 708 2735 (Edit.
724 2677 772 2738 ap.
789 2664 918 2727 Menum.
928 2660 1032 2737 Bcicc,
1045 2667 1120 2724 tom.
1133 2661 1247 2738 xxxl,
1262 2677 1331 2740 pers
1348 2669 1432 2740 1⁸,p.
1450 2670 1525 2735 ets,
1540 2660 1622 2724 eltlr.
1637 2660 1744 2742 coptall
1757 2661 1951 2740 anticum.-

655 2768 853 2831 Memorctum
866 2786 985 2848 quoque
999 2770 1018 2831 d
1030 2769 1185 2831 Bnuscrno
1199 2771 1232 2830 ln
1246 2763 1517 2852 Moscatciclopic,
1530 2785 1559 2848 p
1577 2771 1661 2844 2⁴9.)

583 2956 765 3032 Heinricus
776 2959 947 3055 septimus
958 2957 1081 3034 divina
1096 2960 1235 3034 favente
1247 2959 1429 3034 clementia
1441 2961 1673 3034 Romanorum
1687 2979 1753 3032 rex
1768 2965 1804 3032 et
1820 2978 1952 3054 semper

536 3089 723 3175 augustus,
743 3083 915 3156 universis
933 3083 1069 3180 imperii
1092 3081 1256 3158 fidelibus
1278 3087 1426 3181 presens
1444 3084 1610 3180 scriptum
1632 3081 1850 3156 intuentibus
1873 3103 1952 3176 gra-

536 3203 619 3279 tiam
635 3227 736 3278 suam
755 3215 791 3281 et
808 3227 911 3281 omne
933 3207 1078 3282 bonum.
1094 3206 1152 3280 td
1167 3209 1351 3304 utriusque
1366 3207 1438 3284 vite
1461 3208 1658 3282 felicitatem
1675 3205 1843 3305 prudeme
1856 3205 1952 3281 nobis

537 3347 607 3401 nou
625 3329 850 3424 ambigimus,
869 3331 899 3405 si
916 3333 993 3406 loca
1011 3331 1133 3406 divino
1156 3332 1265 3406 cultui
1289 3333 1484 3429 mancipata
1509 3341 1626 3408 nostm
1644 3329 1832 3406 donatione
1849 3331 1953 3426 largi-

537 3453 616 3526 tatis
635 3455 873 3530 curaverimus
889 3455 1055 3552 ampliare
1084 3466 1120 3530 et
1141 3457 1193 3531 eis
1217 3457 1362 3553 suisque
1378 3477 1425 3530 ne
1449 3466 1638 3553 graventur
1661 3455 1817 3530 indebite
1841 3463 1952 3530 nostm

539 3576 738 3654 defensione
758 3580 881 3656 sedula
908 3581 1106 3678 providere.
1127 3583 1201 3656 Hac
1220 3582 1339 3679 itaque
1352 3583 1486 3656 ratione
1499 3582 1617 3673 ducti,
1637 3581 1685 3656 ad
1702 3579 1860 3654 notitiam
1877 3579 1953 3652 uni·

539 3723 719 3776 versorum
740 3726 788 3778 ex
816 3706 1047 3781 insinuatione
1078 3707 1287 3802 presentium
1316 3708 1477 3803 cupimus
1503 3705 1686 3804 pervenire
1713 3704 1812 3802 quod
1841 3713 1953 3780 atten-

541 3825 663 3901 dentes
691 3829 861 3904 sinceram
884 3832 1103 3906 devotionem
1128 3831 1330 3906 dilectorum
1356 3831 1512 3907 fidelium
1537 3841 1733 3906 nostrorum
1753 3831 1796 3903 ll.
1822 3829 1953 3904 obbatis

541 3961 577 4026 et
594 3962 787 4026 conventus
805 3954 841 4026 ic
858 3955 1070 4030 Waltsassen
1088 3978 1225 4030 necnon
1243 3955 1417 4032 defectum
1435 3957 1724 4031 sustentationum
1738 3955 1949 4044 eorumdem,

542 4076 662 4152 divine
689 4080 975 4154 remunerationis
993 4081 1137 4175 intuitu,
1160 4083 1342 4156 ecclesiam
1364 4092 1399 4158 et
1419 4085 1478 4177 jus
1499 4090 1700 4180 patronatus
1725 4079 1773 4154 ad
1791 4101 1858 4154 nos
1878 4083 1953 4174 jum

542 4201 750 4277 hereditario
768 4203 972 4278 devolutum
991 4205 1028 4278 in
1046 4206 1129 4279 villa
1143 4207 1364 4298 Wundereb,
1386 4208 1432 4282 de
1454 4207 1671 4304 plenitudiue
1692 4205 1827 4280 consilii
1850 4203 1952 4278 nostri

543 4350 677 4404 necnon
698 4329 887 4404 deliberato
906 4331 1050 4404 consilio
1069 4333 1340 4430 subscriptorum
1355 4334 1565 4431 principum,
1584 4339 1774 4407 memorato
1789 4328 1906 4402 abbati
1921 4335 1954 4400 et

542 4455 728 4527 conventui
756 4456 964 4530 conterimus
989 4465 1158 4552 perpetuo
1185 4456 1458 4553 possidendum,
1486 4479 1567 4530 cum
1592 4457 1695 4552 pleno
1710 4456 1790 4549 jnre
1806 4473 1877 4549 qno
1893 4471 1954 4524 nos

543 4579 635 4652 idem
650 4580 710 4673 jus
723 4589 924 4676 patronatus
937 4591 973 4656 et
985 4591 1221 4656 antecessores
1235 4583 1341 4656 nostri
1360 4580 1573 4656 dinoscimur
1588 4577 1796 4678 possedisse.
1810 4572 1954 4650 Proinde
1972 4657 1980 4674 ὑ

543 4705 709 4802 estquod
733 4705 934 4780 auctoritate
957 4707 1051 4802 regia
1073 4706 1312 4782 universaliter
1328 4717 1364 4781 et
1381 4706 1576 4804 specialiter
1592 4704 1792 4778 inhibemus
1814 4721 1859 4774 ue
1878 4697 1955 4795 quis
