4330 5914
555 588 616 650 'ldS
1078 587 1251 652 llllNlilCl
1276 589 1451 654 Slil’l'lldl'
1777 593 1858 672 [dn.
1876 595 1966 660 iffi.

556 721 703 796 moriam
732 744 874 819 presens
901 725 984 801 inde
1011 725 1232 824 privilegium
1259 727 1492 825 conscriptum
1513 725 1627 822 sigillo
1658 735 1775 802 nostro
1798 727 1976 822 jussimus¹

557 868 774 922 commonui.

606 973 718 1066 Hujus
730 973 781 1048 rei
796 981 900 1049 testas
914 987 997 1050 sunt
1012 976 1160 1052 Silridus
1179 978 1405 1075 Magantinns
1425 977 1718 1076 archiepiscopus,
1737 979 1818 1054 Otto
1836 981 1966 1057 lienbi-

554 1095 708 1193 polensis
723 1098 921 1197 cpisccpns,
941 1101 1090 1176 Siiridus
1103 1102 1331 1197 augustensis
1350 1103 1552 1204 episcopos,
1570 1125 1686 1179 comcs
1701 1105 1908 1181 wilhelmus
1922 1107 1966 1183 de

553 1221 767 1319 aningen,
788 1246 905 1300 comes
922 1227 1136 1302 Ludowicus
1157 1228 1203 1304 da
1224 1231 1461 1326 wirtenbcrg,
1484 1251 1600 1304 comes
1618 1229 1798 1303 Heinricns
1815 1227 1861 1305 de
1880 1233 1965 1306 Nas-

555 1368 646 1440 saw,
662 1347 844 1424 Helorinus
860 1349 906 1424 dc
920 1353 1117 1443 Brnnbach‚
1141 1353 1320 1429 Conradus
1337 1355 1501 1452 pincerna
1516 1355 1562 1430 de
1578 1353 1731 1452 Sobipie,
1746 1355 1964 1432 Eberhardns

554 1471 688 1567 dapifer
705 1471 751 1548 de
774 1475 953 1573 Walpnrc‚
979 1459 1176 1554 Fridaricus
1200 1479 1410 1556 camerarius
1432 1479 1479 1556 de
1500 1479 1690 1573 Bienburc,
1708 1479 1806 1554 Cnno
1827 1481 1874 1556 de
1895 1481 1966 1554 Sn-

554 1618 688 1672 meraw
703 1608 739 1672 et
756 1601 815 1673 alii
833 1603 1070 1700 quamplures.

600 1721 688 1797 Acta
702 1735 783 1798 sunt
800 1725 866 1802 hac
881 1749 974 1804 anno
996 1729 1043 1802 ab
1063 1729 1298 1806 incarnatione
1321 1730 1458 1806 Domini
1484 1729 1680 1824 ttccxxu,
1705 1728 1895 1806 indictione
1912 1730 1962 1822 X,

550 1858 718 1942 regnante
735 1849 877 1928 dominc
893 1854 1053 1930 Heinrico
1071 1857 1458 1953 septimoitcmanorum
1477 1877 1560 1952 rege
1576 1856 1740 1953 glorioso,
1758 1877 1853 1932 anno
1867 1856 1964 1952 regni

551 1974 627 2066 ejus
644 1976 771 2072 primo.

598 2103 723 2176 Datum
737 2103 834 2200 apud
851 2104 1093 2199 Wormatiam,
1111 2117 1236 2204 quarto
1252 2129 1362 2184 nonas
1373 2107 1482 2200 jonii.

381 2735 488 2846 „pp-g,
602 2714 807 2822 Esuriens,
827 2713 1089 2801 Romanorum
1115 2743 1202 2826 rex,
1232 2715 1430 2802 ecclesiam
1449 2693 1681 2800 Faucensem
1703 2715 1744 2799 in
1762 2716 1960 2826 specialem
2004 2821 2007 2828 Ἰ

382 2845 487 2900 ”³⁰⁸⁸
550 2877 662 2937 suam
691 2859 729 2936 et
751 2849 900 2962 imperii
926 2850 1058 2962 recipit
1080 2851 1372 2961 protectionem,
1394 2875 1556 2961 eamque
1578 2847 1693 2934 simul
1720 2851 1962 2934 commendat

546 2983 770 3098 praepositis
800 2995 839 3070 et
867 2983 1042 3070 officiatis
1068 2985 1147 3070 suis
1173 2986 1274 3070 circa
1299 2985 1558 3096 possessiones
1586 2982 1758 3096 ejusdem
1783 2985 1960 3070 ecclesiae

547 3117 886 3206 commorantibus.

630 3335 731 3418 (Edit.
745 3337 778 3398 ln
799 3335 930 3398 Motum.
945 3334 1036 3416 Boia,
1053 3342 1125 3398 tom.
1151 3335 1255 3412 XXX,
1270 3353 1339 3416 pars
1359 3345 1398 3412 ι’,
1413 3354 1445 3416 p.
1462 3345 1536 3414 112,
1556 3343 1590 3398 n·
1610 3333 1745 3412 baux,
1765 3351 1804 3398 ex
1824 3333 1958 3414 originali

667 3446 754 3524 cujus
765 3443 895 3524 sigillum
908 3443 988 3523 qnod
999 3440 1185 3522 appendebat
1197 3445 1293 3522 perlit
1310 3443 1375 3506 linc
1394 3443 1526 3522 diploma
1547 3459 1622 3522 pene
1634 3444 1667 3504 in
1686 3441 1826 3506 omnlbus
1837 3458 1958 3505 concor-

665 3551 718 3614 dat
740 3567 810 3612 cum
835 3551 1027 3630 praecedento
1048 3549 1269 3614 oonarmnuonc
1291 3551 1432 3613 Fddmlci
1454 3551 1485 3614 Il
1510 3551 1713 3630 imperatorin,
1735 3551 1840 3614 εοᾱαιι
1862 3565 1955 3624 anno,

666 3657 780 3722 xxva
791 3659 907 3738 aprilis,
919 3657 1015 3720 eidem
1026 3659 1205 3722 monterio
1217 3659 1362 3721 Fanccnsl
1376 3674 1527 3720 concessa.
1540 3658 1607 3721 vid
1622 3674 1713 3738 sopra
1724 3674 1757 3738 p.
1773 3655 1859 3739 atr.)

593 3841 775 3920 Heinricus
792 3845 913 3922 divina
930 3847 1068 3922 lavante
1085 3847 1267 3922 clementia
1284 3849 1514 3922 Romanorum
1530 3869 1607 3942 rex,
1623 3869 1759 3944 semper
1772 3853 1953 3942 augustus.

543 3969 609 4044 Per
637 3993 780 4067 presens
809 3973 976 4070 scriptum
1004 3983 1126 4047 notum
1150 3971 1225 4047 fieri
1246 3973 1410 4048 volumus
1437 3973 1610 4050 universis
1633 3971 1768 4070 imperii
1795 3969 1957 4044 fidelibus

542 4095 640 4192 quod
668 4118 733 4170 nos
760 4097 976 4172 attendentes
996 4097 1101 4173 fidem
1130 4121 1274 4195 puram,
1299 4099 1518 4174 devotionem
1544 4099 1712 4172 sinceram
1739 4119 1806 4170 nec
1829 4118 1898 4171 non
1923 4103 1956 4168 et

544 4221 754 4298 laudabilem
788 4223 1083 4299 conversationem
1120 4223 1237 4298 dilecti
1278 4223 1390 4299 tidelis
1425 4223 1532 4298 nostri
1565 4223 1719 4298 Diatonis
1751 4219 1956 4296 venerabilis

544 4347 679 4421 abbatis
695 4348 880 4424 Faucensis
894 4358 928 4423 et
941 4349 1086 4423 fratrum
1104 4349 1140 4421 in
1156 4347 1280 4428 eodem
1292 4351 1368 4424 loco
1382 4349 1643 4442 famolancium,
1660 4348 1775 4444 ipsum
1794 4355 1829 4421 et
1841 4345 1957 4420 eccle-

544 4471 632 4547 siam
655 4495 754 4548 snam
785 4497 864 4549 cnm
888 4475 1051 4550 omnibns
1073 4475 1176 4548 bonis
1199 4476 1272 4550 suis
1296 4477 1483 4551 mobilibus
1504 4485 1540 4552 et
1561 4473 1816 4562 immobilibus,
1842 4471 1951 4567 agris,

543 4597 696 4695 pascuis,
713 4599 915 4696 piscaturis,
937 4601 1137 4676 nemoribus
1155 4609 1190 4675 et
1204 4603 1376 4676 montanis
1393 4602 1429 4676 in
1446 4611 1597 4675 nostram
1620 4599 1805 4698 specialem
1826 4608 1862 4672 et
1883 4597 1954 4680 im-¹

542 4723 629 4820 perii
656 4725 849 4821 recepimus
867 4727 1130 4822 protectionem.
1150 4727 1344 4800 statuentes
1365 4735 1400 4801 et
1421 4725 1623 4800 auctoritate
1647 4723 1816 4821 presentis
1838 4718 1954 4818 scripti
