4324 5916
189 601 291 659 lantcr.
310 594 370 680 15.]
640 594 836 656 HISTORIA
863 595 1155 657 ntrtottattctt.
1540 592 1599 655 887

190 728 425 804 munificentie
447 738 561 803 nostre
586 729 694 802 subiit
708 740 748 802 ut
765 751 828 804 nos
845 731 1057 828 prebendam
1081 732 1117 804 in
1137 730 1279 804 ecclesia
1300 727 1503 825 parrochiali
1520 728 1602 802 Bri-

190 854 405 948 ganniacum
424 854 557 948 capella
574 854 611 926 in
630 855 781 928 Wollnrt
793 864 828 928 et
840 856 1003 929 omnibns
1022 855 1095 926 suis
1113 853 1326 951 appendiciis
1343 862 1378 926 et
1401 875 1481 926 cum
1507 854 1603 927 omni
1654 940 1657 946 ι

185 981 266 1072 jure
279 999 350 1072 quo
365 999 442 1052 eam
456 978 729 1073 possideremus,
746 979 891 1054 cenobio
906 979 1021 1052 Sancti
1035 980 1126 1052 Petri
1140 978 1306 1074 principis
1322 977 1553 1073 apostotorum
1567 979 1604 1050 in

189 1103 328 1197 Augen,
345 1103 507 1178 fnanibus
527 1113 562 1178 et
577 1105 752 1178 sororibus
776 1104 862 1178 inibi
882 1103 1101 1196 degentibus,
1118 1102 1440 1176 Premonstratenais
1456 1101 1601 1195 ordinis,

190 1227 236 1300 ad
251 1248 370 1300 eorum
383 1227 535 1322 inopiam
548 1229 770 1302 relevandam
786 1229 1077 1318 contraderemus,
1095 1229 1216 1320 eisque
1232 1227 1320 1300 sicut
1334 1229 1392 1321 jus
1407 1228 1604 1322 expostulat

191 1350 483 1426 confirmaremus.
514 1352 572 1426 Ad
601 1352 666 1426 hec
696 1351 850 1449 predicto
876 1353 1020 1426 cenobio
1049 1353 1273 1446 indulgemus
1301 1361 1334 1425 et
1362 1350 1604 1424 confirmamus

190 1498 327 1548 omnem
343 1476 559 1552 traditionem
584 1497 689 1572 quam
711 1487 808 1573 pater
829 1485 944 1550 ncstar
964 1477 1158 1550 Fridericus
1174 1479 1404 1550 Romanorum
1421 1475 1604 1571 imperator

190 1601 436 1674 invictissimus
451 1612 487 1674 ct
503 1602 563 1674 alii
578 1602 685 1674 nostri
705 1603 963 1696 predecessores
983 1611 1051 1674 tam
1076 1623 1174 1694 reges
1191 1623 1295 1695 quam
1316 1600 1423 1672 duces
1449 1602 1603 1672 lecerunt

190 1727 227 1794 in
253 1723 452 1798 hominibus
477 1725 657 1821 utriusque
686 1747 810 1816 sexus,
835 1726 1032 1820 mancipiis,
1063 1727 1172 1819 agris,
1197 1725 1352 1819 pascuis,
1381 1725 1480 1796 terris
1501 1725 1601 1797 cultis

189 1845 265 1918 sive
278 1847 433 1940 incultis,
453 1849 570 1944 aquis,
587 1871 649 1922 sen
662 1849 941 1944 quibuscumque
957 1847 1034 1919 aliis
1050 1848 1170 1938 rebus;
1187 1856 1296 1940 utque
1314 1846 1465 1919 breviter
1484 1846 1601 1920 omnia

191 1971 462 2063 concludantur,
495 1994 632 2048 omnam
663 1974 839 2046 canalem
871 1983 906 2045 et
933 1973 1213 2067 permissionem,
1239 1991 1341 2043 omne
1375 1993 1515 2065 quoque
1541 1972 1601 2063 jus

189 2094 285 2188 qnod
308 2097 479 2192 pretaxati
502 2097 676 2194 principes
703 2099 835 2194 prelato
860 2097 1004 2170 cenobio
1028 2103 1270 2168 concesserunt
1285 2117 1347 2167 seu
1367 2077 1597 2187 tradiderunt,

190 2222 311 2294 iratres
336 2223 422 2296 inibi
451 2225 524 2297 Dec
551 2225 757 2320 famulantes
779 2223 885 2295 libere
912 2205 1089 2318 possidere
1115 2221 1212 2293 etin
1242 2220 1360 2314 quieta
1385 2220 1600 2315 possessione

189 2346 318 2420 habere
335 2348 570 2420 volumus-Ut
586 2357 701 2420 autem
723 2348 788 2420 hec
808 2345 947 2420 traditio
969 2355 1083 2418 nostra
1103 2355 1177 2418 rats
1195 2353 1393 2440 permaneat
1421 2353 1455 2416 et
1479 2344 1600 2417 incon-

192 2471 290 2544 vulsa
308 2481 515 2568 perseveret,
531 2473 634 2568 sigilli
655 2475 760 2548 nostri
780 2470 1004 2566 impressione
1021 2469 1225 2542 communiri
1237 2468 1423 2561 jussimns;
1446 2476 1598 2542 statuen-

190 2607 241 2668 tes
259 2605 294 2669 et
307 2597 449 2673 firmiter
464 2599 688 2694 precipientes
702 2619 747 2670 ne
759 2597 875 2690 aliqua
892 2615 1039 2691 persona
1052 2595 1120 2668 alta
1132 2595 1187 2665 vel
1201 2593 1355 2682 humilis,
1371 2593 1599 2666 ecclesiastica

189 2721 244 2793 vel
256 2722 433 2812 secularis,
442 2721 694 2796 nostradicicni
704 2717 982 2818 subJecta[hanc]
992 2719 1179 2812 intringere
1192 2717 1248 2790 vel
1262 2717 1395 2789 violare
1407 2727 1595 2813 presumat.

189 2848 291 2934 and
309 2849 370 2944 qui
393 2849 510 2923 iecerit
526 2849 611 2924 sciat
627 2869 664 2922 sa
680 2847 914 2922 indubitanter
936 2853 1050 2918 nostre
1074 2843 1321 2938 indignationis
1346 2841 1510 2916 offensam
1538 2843 1599 2914 in-

189 2973 355 3067 currisse,
375 2995 441 3048 nec
464 2973 611 3047 dubium
624 2973 793 3047 habemus
809 2971 893 3066 quin
914 2971 990 3064 eJus
1006 2968 1138 3043 incidat
1159 2967 1365 3042 anathemati
1391 2976 1425 3040 et
1450 2989 1598 3040 excom-

188 3097 412 3172 municationi
433 3099 494 3194 qui
517 3098 630 3172 uicem
658 3098 748 3170 Petri
774 3118 897 3192 gerens
919 3096 979 3188 jus
1007 3093 1140 3189 ligandi
1169 3103 1272 3187 atque
1298 3091 1452 3165 solvendi
1479 3091 1595 3165 habet.

187 3225 260 3318 Hec
273 3245 413 3318 quoque
427 3223 629 3318 adjicientes
648 3223 863 3298 universitati
888 3230 1002 3299 vestra
1024 3217 1259 3316 significamus
1273 3217 1466 3314 predictum
1483 3217 1597 3307 claus-

187 3359 279 3422 trum
307 3349 344 3421 in
371 3347 509 3444 Auges,
537 3347 858 3422 Premonstratensis
879 3346 1027 3439 ordinis,
1049 3344 1144 3418 omni
1165 3343 1320 3416 libertate
1345 3341 1598 3437 privilegiatum

187 3495 285 3567 esse,
304 3473 394 3547 sicut
416 3474 483 3548 alie
506 3495 646 3570 queque
673 3473 816 3547 cenobia
839 3473 962 3546 Sancte
986 3471 1136 3544 Romane
1154 3468 1304 3542 Ecclesia
1320 3467 1514 3559 attinentia,
1535 3487 1600 3540 nec

188 3620 254 3671 uos
281 3621 347 3672 nec
375 3599 574 3694 qnempiam
603 3599 710 3672 alium
740 3597 874 3692 aliquid
901 3597 989 3690 juris
1019 3617 1081 3668 seu
1112 3593 1289 3691 potestatis
1316 3579 1352 3663 i'n
1382 3613 1424 3664 eo
1453 3591 1598 3684 habere,

187 3733 301 3818 preter
313 3723 409 3820 qnod
422 3723 510 3798 illud
524 3746 604 3797 cum
628 3722 790 3797 omnibus
805 3721 1019 3818 pertinentiis
1032 3719 1105 3792 suis
1125 3717 1302 3814 acquisitis
1323 3725 1357 3790 et
1376 3713 1600 3810 acquirendis

187 3848 225 3919 in
241 3847 420 3922 tuitionem
447 3857 597 3922 nostram
619 3847 813 3946 recepimus
832 3855 866 3920 et
887 3847 954 3918 snb
980 3846 1034 3920 ala
1061 3843 1280 3942 protectionis
1303 3850 1417 3916 nostre
1446 3839 1600 3936 gaudem

186 3973 384 4067 statuimus,
408 3973 457 4046 ita
484 3982 523 4045 ut
550 3996 612 4070 per
640 3981 794 4045 nostrum
821 3969 1048 4068 patrocinium
1080 3991 1163 4066 sepe
1195 3967 1286 4042 dicta
1314 3966 1458 4040 ecclesia
1490 3965 1598 4037 libera

186 4107 387 4194 permaneat
403 4107 438 4172 at
454 4120 575 4172 secura
594 4097 778 4172 deserviat.

237 4223 349 4315 Hujus
369 4223 418 4297 rei
443 4231 525 4297 sunt
549 4233 651 4298 teste
675 4222 857 4295 Hainricus
878 4221 1060 4318 episcopus
1084 4217 1129 4291 de
1150 4215 1360 4308 Ainstetten,
1387 4211 1598 4286 ludewicus

190 4345 268 4420 dux
297 4347 472 4439 Bawarie,
498 4349 728 4422 Hartmannns
755 4370 868 4422 comes
897 4346 943 4420 de
968 4345 1145 4439 Dilingen,
1168 4341 1391 4415 Werinherus
1414 4359 1528 4410 comes
1554 4335 1599 4426 dc

189 4469 381 4565 Chiburch,
414 4471 640 4569 Manegoldcs
672 4495 786 4546 comes
816 4472 861 4544 de
888 4467 1137 4556 Nallenburch,
1168 4465 1377 4539 Ludewicus
1407 4483 1522 4534 comcs
1554 4459 1599 4534 de

189 4595 351 4688 Castello,
376 4597 557 4671 Hainricus
581 4597 627 4672 de
649 4597 766 4690 Nilen,
783 4595 976 4670 Fridericus
995 4593 1039 4667 de
1055 4591 1326 4685 l'rnheldingen,
1343 4587 1536 4682 ltilgerinus
1555 4585 1600 4693 de

189 4719 378 4815 llorewen,
399 4721 642 4797 Heberhardus
663 4721 797 4818 dapifer
819 4720 864 4794 de
887 4719 1074 4814 Walpurc,
1092 4715 1270 4790 Conradus
1295 4724 1330 4788 et
1357 4713 1600 4788 Heberhardus
