4324 5916
57 563 62 572 “
181 593 282 654 rara.
300 589 361 674 ra]
630 586 828 650 rrrsrcnrr
851 587 1142 654 nrrrcurrrcr.
1365 573 1372 590 ’
1533 595 1594 658 aro

178 727 275 822 regin
291 735 326 800 et
343 724 389 801 de
409 723 627 821 plenitudine
648 724 782 797 consilii
806 726 912 796 nostri
930 724 1091 802 dedimus
1114 726 1270 824 predicto
1285 728 1450 824 magistro
1472 739 1507 802 et
1527 731 1594 804 fru-

180 852 290 924 tribus
308 850 434 948 domus
456 848 744 922 Theutonicorum
764 858 799 924 et
817 870 938 924 eorum
955 853 1210 926 successoribus
1226 862 1393 950 perpetuo
1409 854 1595 950 possiden-

179 977 280 1066 dum,
299 973 423 1074 eadem
441 973 527 1071 ipsis
543 973 747 1050 auctontata
762 975 974 1070 presentium
989 976 1246 1069 confirmantem
1265 986 1455 1053 statuentes
1470 980 1595 1054 nihilo-

179 1103 296 1174 minus
320 1108 361 1172 ut
383 1098 478 1173 idem
509 1099 606 1172 locus
633 1100 681 1174 ad
710 1099 963 1174 observantiam
992 1101 1104 1176 divini
1129 1104 1243 1176 cultus
1270 1104 1473 1180 reformetur
1495 1115 1529 1178 et
1552 1127 1595 1180 ea
1740 1127 1745 1140 ·

179 1235 296 1298 utatur
312 1233 349 1298 et
361 1223 514 1319 gaudeat
532 1223 775 1319 libertateque
794 1224 921 1299 domus
934 1224 1057 1300 eadem
1071 1248 1114 1302 ac
1136 1235 1249 1302 cetere
1263 1227 1309 1302 ab
1324 1249 1366 1302 ea
1378 1227 1535 1302 derivate
1551 1229 1597 1304 de

179 1349 402 1424 concessione
424 1355 542 1422 nostra
556 1357 703 1422 utuntur
720 1358 755 1424 et
772 1350 940 1444 gaudent,
963 1352 1059 1425 velut
1075 1353 1112 1424 in
1128 1353 1252 1426 nostris
1270 1353 1462 1449 privilegiis
1481 1353 1596 1430 eidem

179 1474 301 1548 domui
315 1473 461 1548 indultis
473 1473 612 1570 plenius
623 1473 831 1548 continetur.
843 1477 1000 1550 Preterea
1014 1467 1215 1552 auctoritate
1222 1479 1320 1572 regia
1332 1476 1525 1554 firmissima
1536 1480 1594 1554 in-

179 1601 341 1674 bibemus
352 1608 392 1672 ut
406 1599 524 1672 nullus
535 1599 710 1696 princeps,
721 1599 798 1674 dux
811 1601 868 1674 vel
880 1601 1047 1692 marchio,
1057 1625 1185 1696 comes,
1194 1605 1374 1698 scultetus,
1386 1605 1591 1696 advocatus,

179 1725 354 1817 officialis,
372 1724 604 1800 ministerialis
621 1745 684 1798 seu
702 1747 849 1822 pemeus
872 1729 1024 1822 quolibet
1040 1730 1109 1804 alta
1127 1730 1185 1804 vel
1203 1729 1361 1822 humilis,
1381 1731 1521 1826 publica
1537 1732 1594 1806 vel

179 1851 334 1946 privata,
356 1849 587 1924 ecclesiastica
603 1851 660 1924 vel
678 1851 859 1943 secularis,
878 1863 995 1926 contra
1013 1855 1181 1949 presentis
1205 1853 1401 1934 donationis
1423 1866 1539 1930 nostre
1560 1865 1596 1930 et

181 1975 386 2049 investitura
397 1975 599 2050 memoriam
610 1976 825 2072 sepedictum
837 1977 1039 2071 magistrum
1054 1988 1089 2052 et
1102 2001 1184 2054 suos
1197 1981 1382 2054 confratres
1393 1981 1451 2056 vel
1462 1979 1594 2054 eisdem

180 2102 217 2174 in
240 2101 396 2197 ipsorum
418 2099 542 2174 ordino
565 2099 791 2176 succedentes
813 2102 980 2198 impetere
1003 2105 1061 2176 val
1079 2105 1260 2180 molestare
1282 2113 1470 2200 presumat.
1490 2105 1594 2192 Quod

180 2225 242 2320 qui
270 2224 507 2323 attentaverit,
529 2225 802 2320 indignationem
821 2235 856 2298 et
872 2249 1014 2322 gravem
1035 2229 1200 2302 offensam
1222 2237 1371 2304 noscam
1394 2249 1433 2302 se
1458 2229 1594 2304 noverit

180 2351 413 2424 incursurum.
433 2349 489 2424 Ad
513 2350 618 2444 hujus
636 2351 753 2446 itaque
770 2351 938 2448 prelibato
958 2352 1154 2428 donationis
1169 2363 1284 2430 nostre
1305 2375 1491 2449 perennem
1512 2375 1594 2428 me-

181 2475 345 2566 moriam,
371 2486 567 2572 presentem
595 2475 759 2572 paginam
786 2476 890 2550 scribi
918 2476 1063 2552 fecimus
1085 2488 1119 2552 et
1144 2479 1249 2574 sigilli
1275 2479 1381 2553 nostri
1404 2479 1594 2576 patrocinio

180 2599 398 2674 communiri.

229 2727 346 2800 Teates
360 2745 445 2800 vero
465 2723 502 2798 hi
518 2735 600 2800 suut
617 2725 789 2820 sigfridus
807 2726 1014 2800 venerabilis
1035 2726 1262 2822 Augrmtonsis
1285 2729 1488 2827 episcopus,
1513 2783 1523 2801 .
1547 2783 1556 2802 .
1582 2784 1592 2802 .

180 2851 289 2928 abbas
305 2851 420 2926 Sancti
436 2851 537 2946 Galli,
554 2854 597 2924 H.
614 2852 740 2947 regalis
752 2853 832 2926 aule
846 2852 1110 2948 protonotarius,
1128 2854 1167 2924 L.
1184 2853 1325 2926 illustris
1340 2854 1486 2928 Bovario
1502 2853 1591 2944 dux,

180 2977 259 3050 dux
275 2976 322 3051 do
339 2977 448 3068 Telo,
471 2975 625 3050 marchio
645 2977 690 3050 do
713 2976 850 3069 Badeo,
876 2977 1028 3052 marchio
1052 2978 1098 3052 de
1124 2978 1316 3072 Burgowe,
1339 2979 1382 3050 Η.
1411 3000 1528 3052 comes
1550 2977 1595 3052 de

179 3101 354 3195 Dilingen,
368 3101 511 3176 aonias
524 3101 571 3175 de
586 3101 809 3194 Hellenstein,
827 3123 941 3176 comes
955 3101 1000 3176 de
1016 3103 1198 3198 Oetiugen,
1210 3103 1251 3176 E.
1267 3102 1402 3198 dapifer
1415 3101 1460 3176 de
1471 3103 1597 3176 Wald-

180 3227 290 3321 burg,
310 3225 348 3298 C.
372 3235 407 3300 ot
422 3227 464 3300 E.
493 3227 657 3322 pincerne
678 3227 723 3300 de
739 3227 1008 3314 Winterstettin,
1034 3229 1077 3302 U.
1099 3236 1133 3302 et
1150 3229 1189 3300 L.
1211 3229 1333 3302 notarii
1355 3229 1434 3302 aule
1455 3229 1592 3322 regalis.

228 3353 355 3426 Datum
380 3351 477 3448 apud
499 3353 652 3440 Ulmum,
671 3373 763 3426 anno
788 3352 961 3426 dominice
988 3353 1233 3426 iucarnationis
1260 3352 1501 3428 M.CC.XXVll
1523 3351 1593 3449 (a),

181 3476 320 3552 docimo
336 3485 460 3552 octavo
478 3477 644 3552 kalendas
659 3475 876 3573 septembris,
891 3476 1079 3552 indictione
1095 3477 1187 3552 xlv.

237 4013 443 4123 Henricus,
463 4015 724 4100 Romanorum
745 4043 832 4125 rex,
852 4026 984 4102 notam
1007 4017 1098 4101 facit
1123 4017 1288 4103 formam
1315 4025 1597 4133 compositionis
1714 4070 1729 4101 a

182 4175 313 4234 coram
332 4175 372 4233 se
390 4157 428 4232 el
445 4151 542 4234 duce
564 4149 746 4234 bavariae
777 4152 939 4236 nutricio
970 4177 1039 4236 suo
1065 4151 1205 4236 factam
1233 4154 1331 4238 inter
1357 4156 1532 4240 abbatem
1561 4169 1598 4243 et
1690 4125 1750 4156 m

182 4298 411 4370 conventum
430 4285 478 4369 de
500 4285 766 4396 Kreutzlingen
785 4295 821 4368 et
843 4287 1020 4370 comitem
1039 4285 1237 4372 Albertum
1259 4289 1307 4371 de
1330 4289 1595 4402 Rutimbereh,

183 4443 299 4528 super
323 4418 436 4503 bonis
462 4419 503 4501 iu
530 4417 753 4530 Neokargau
781 4429 818 4502 et
843 4418 1086 4518 censualibus
1112 4419 1331 4505 hominibus
1358 4422 1536 4528 ccclesiae
1557 4423 1598 4507 iu

183 4549 475 4664 Wunmelingen
494 4551 543 4636 ab
560 4551 634 4636 ista
651 4553 807 4636 ecclesia
825 4580 902 4638 non
919 4553 1145 4638 alienandis,

225 4741 262 4818 (a)
283 4740 348 4817 Sic,
362 4748 392 4803 et
402 4743 663 4806 otlamutrldetur·
675 4747 707 4806 ln
717 4745 866 4824 originali.
881 4745 970 4808 Recta
980 4751 1081 4808 emen
1094 4745 1286 4809 ffCCXXVl.
