4330 5914
225 571 324 632 luurcr.
343 567 404 652 lh]
673 565 871 626 lllS'l'OlilA
896 568 1190 632 lllPLOllll'l'lCll.
1578 567 1640 630 ora

225 702 378 784 tudines
396 699 614 800 confirmat,
641 698 755 780 salvis
774 698 861 808 jure
887 701 1035 810 imperii
1053 713 1091 785 el
1107 702 1317 786 rationibus
1335 727 1433 811 quas
1448 701 1640 784 canonicis

226 833 482 918 Lueecnsibus
499 831 677 914 exhibere
698 831 851 916 debent.

309 1048 434 1128 (incdit.
450 1063 489 1107 en
502 1045 615 1108 archiv.
637 1050 727 1124 capit.
751 1049 783 1110 S.
805 1051 925 1110 Martini
945 1051 1050 1130 Luce,
1063 1051 1158 1112 banco
1172 1051 1245 1124 llll,
1261 1049 1322 1128 GC,
1337 1059 1371 1110 n⁰
1386 1059 1441 1122 22,
1457 1051 1577 1128 σῆψις
1592 1050 1640 1109 cul

347 1155 515 1233 appendent
526 1153 623 1215 edhuc
636 1153 688 1215 iila
702 1157 795 1215 serica
807 1155 879 1217 llari
890 1157 1011 1229 coloris,
1026 1158 1157 1234 sigillum
1170 1173 1239 1218 vero
1252 1155 1354 1236 deest.)

276 1341 477 1416 Fredericus
491 1342 553 1414 Dei
571 1342 681 1437 gratia
731 1363 937 1416 omanorum
961 1343 1156 1438 imperator,
1178 1367 1312 1440 semper
1331 1353 1518 1438 angustus,
1542 1345 1638 1416 Jeru-

227 1468 334 1540 salem
351 1477 386 1540 et
402 1467 519 1540 Sicilie
536 1487 616 1558 rex,
639 1467 812 1539 universis
838 1467 1038 1540 bominibus
1062 1469 1107 1542 de
1128 1469 1358 1563 Massagrossa
1383 1467 1545 1542 fidelibus
1567 1468 1640 1540 suis

229 1591 374 1684 gratiam
391 1613 488 1662 suam
504 1598 539 1662 et
555 1590 681 1662 bonam
702 1591 926 1662 voluntatem.
950 1592 1140 1686 imperialis
1158 1591 1361 1664 excellentie
1379 1590 1560 1662 consuevit
1577 1591 1639 1662 be·

229 1714 380 1808 nignitas
400 1713 546 1788 devotos
561 1723 595 1787 et
612 1713 734 1786 fideles
755 1736 838 1786 suos
854 1716 1011 1786 clementi
1035 1716 1152 1788 lavore
1168 1717 1336 1810 respicere
1358 1735 1549 1808 corumque
1561 1716 1640 1805 jure

228 1838 359 1910 illibata
378 1859 529 1912 servare.
552 1837 741 1930 Cognoscat
759 1837 865 1930 igitur
882 1849 950 1910 tam
969 1847 1102 1933 postera
1123 1848 1196 1913 etas
1214 1862 1319 1934 quam
1341 1860 1542 1912 successura
1556 1859 1640 1932 pos-

230 1963 347 2034 teritas
368 1961 465 2056 quod
484 1983 549 2034 nos
568 1961 615 2034 ad
636 1961 861 2034 imitationem
883 1962 1165 2058 predecessorum
1186 1973 1378 2036 nostrorum
1398 1962 1560 2034 divorum
1575 1984 1640 2034 au·

229 2095 408 2180 gestorum
433 2085 597 2160 memorie
620 2084 821 2177 recolende,
840 2108 904 2158 vos
919 2085 1040 2159 fideles
1065 2109 1107 2159 ac
1132 2087 1276 2160 devotos
1301 2096 1434 2158 nostros
1458 2086 1638 2159 universos

229 2211 386 2283 homines
405 2209 451 2282 dc
472 2210 703 2302 blessagrossa
720 2231 801 2281 cum
824 2211 987 2283 omnibus
1004 2211 1109 2283 rebus
1131 2219 1166 2282 et
1189 2210 1343 2305 personis
1359 2209 1483 2282 vestris
1503 2209 1540 2280 in
1561 2231 1639 2304 spe·

230 2334 351 2406 cialem
364 2334 551 2426 majestatis
564 2341 678 2406 nostre
698 2334 943 2429 protectionem
962 2335 1160 2429 recipimuS,
1178 2333 1358 2427 bonasque
1373 2334 1641 2408 consuetudines

230 2466 264 2530 et
279 2458 452 2530 libertates
470 2479 559 2550 quas
575 2457 857 2552 predecessorum
879 2469 1074 2532 nostrorum
1097 2461 1311 2553 temporibus
1333 2481 1445 2553 usque
1462 2482 1556 2532 nunc
1575 2459 1642 2532 ha-

229 2581 366 2670 buistis,
381 2581 550 2677 imperiali
566 2584 767 2656 anctoritate
780 2583 1036 2676 confirmamus,
1049 2584 1276 2656 concedentes
1294 2584 1394 2656 vobis
1410 2593 1461 2674 ut,
1474 2585 1642 2680 quemad-

229 2705 374 2778 modum
406 2707 634 2778 consuevistis
670 2708 840 2781 dictorum
875 2709 1158 2804 predecessorum
1197 2718 1392 2780 nostrorum
1429 2711 1642 2805 temporibus

229 2828 460 2922 usquemodo,
470 2831 628 2902 consules
643 2830 731 2902 inter
743 2853 807 2904 vos
820 2835 977 2904 statuatis
992 2840 1026 2903 et
1043 2832 1211 2918 babeatis,
1229 2833 1325 2904 salvo
1338 2833 1373 2903 in
1389 2834 1551 2905 omnibus
1561 2835 1642 2925 jure

229 2953 366 3047 imperii
382 2954 573 3045 ethonore,
591 2954 697 3026 salvis
713 2955 815 3026 etiam
830 2955 1021 3028 rationibus
1032 2966 1067 3028 et
1074 2956 1223 3048 justiciis
1234 2979 1323 3049 quas
1338 2957 1512 3029 canonicis
1525 2957 1640 3029 Sancti

230 3077 368 3148 Martini
395 3078 431 3148 in
460 3079 572 3152 Lucca
598 3079 763 3151 exhibere
788 3078 938 3172 debetis;
971 3079 1136 3154 honorem
1162 3101 1302 3173 qnoque
1328 3089 1363 3152 et
1391 3080 1641 3154 exhibitionem

230 3201 371 3294 triginta
385 3201 620 3289 candelornm,
634 3224 714 3274 cum
728 3203 887 3275 Tusciam
901 3204 1083 3294 intramus,
1099 3227 1204 3299 quam
1222 3204 1322 3276 nobis
1337 3205 1448 3276 lacere
1462 3205 1638 3292 tenemini,

231 3451 384 3524 districtc
410 3451 637 3546 precipientes
658 3461 696 3523 ut
717 3453 812 3526 nulla
833 3475 978 3547 persona
996 3455 1065 3524 elta
1082 3454 1136 3525 vel
1157 3453 1312 3544 humilis,
1331 3455 1562 3527 ecclesiastica
1586 3455 1642 3528 vel

231 3575 412 3663 secularis,
430 3585 549 3647 contra
563 3574 652 3647 hanc
667 3577 912 3672 protectionem
932 3586 1083 3648 nostram
1102 3577 1137 3648 in
1157 3578 1312 3671 personis
1333 3578 1389 3649 vel
1405 3579 1511 3650 rebus
1526 3579 1643 3673 aliquo
1716 3588 1718 3594 ’

232 3697 336 3790 modo
363 3720 427 3771 vos
449 3719 594 3791 gravare
611 3698 740 3772 audeat
757 3709 817 3773 aut
844 3702 1024 3774 molestare
1045 3711 1220 3794 presumat
1247 3701 1302 3773 vel
1329 3703 1529 3796 perturbare
1554 3702 1644 3776 hanc

232 3831 347 3896 nostre
366 3821 578 3896 auctoritatis
600 3823 868 3896 concessionem.
897 3823 999 3909 Quod
1019 3823 1081 3917 qui
1102 3825 1349 3918 presumpserit
1369 3825 1642 3920 indignationem

232 3956 383 4019 nostram
401 3946 552 4019 incurret
571 3955 606 4019 et
624 3958 763 4020 centum
790 3948 895 4019 libras
916 3947 992 4019 auri
1016 3968 1077 4042 pm
1095 3969 1185 4042 pena
1201 3959 1400 4043 componet,
1420 3949 1641 4024 medietatem

232 4090 366 4142 camere
386 4077 501 4141 nostre
522 4077 557 4141 et
582 4070 750 4164 reliquam
770 4071 990 4144 medietatem
1016 4071 1118 4143 vobis
1136 4071 1245 4167 passis
1269 4072 1428 4164 injuriam
1450 4074 1638 4145 soluturus.

233 4192 286 4266 Ad
304 4195 404 4286 cujus
425 4191 475 4265 rei
492 4195 692 4266 memoriam
711 4204 746 4267 et
762 4197 919 4269 stebilcm
940 4195 1154 4286 firmitatem,
1175 4205 1366 4291 presentem
1381 4195 1543 4291 paginam
1559 4198 1642 4271 inde

231 4317 334 4390 scribi
348 4317 517 4409 jussimus
535 4317 650 4413 sigillo
668 4321 854 4412 majestatis
871 4330 987 4394 nostre
1002 4321 1183 4393 munitam.

279 4442 405 4514 Datum
440 4441 537 4539 apud
568 4443 707 4538 Orgiam
738 4440 821 4538 (l),
855 4465 947 4516 anno
981 4444 1153 4517 dominice
1185 4443 1428 4518 incarnationis
1461 4447 1641 4520 millesimo

269 4697 305 4772 (l)
322 4697 410 4755 Locus
422 4697 451 4754 in
464 4697 576 4770 Tuscia,
590 4713 643 4756 non
657 4698 770 4756 multum
784 4698 860 4757 Senis
873 4699 986 4756 distens.

330 4799 473 4860 ILPmn
1447 4812 1485 4864 8⁵
