4324 5916
702 599 953 666 nocumenta
979 604 1138 668 stuntlt.
1559 609 1625 672 tlss'l

208 737 353 832 gloriam
366 746 402 810 et
417 743 535 810 eterne
551 735 783 812 retributionis
796 739 957 813 meritum
971 741 1067 834 apud
1083 761 1198 834 regem
1213 761 1334 835 regum
1347 742 1622 838 nobisprolicere

208 859 382 934 credimus
394 859 425 932 si
442 859 510 954 piis
526 868 561 932 et
578 860 747 954 religiosis
760 863 847 936 lcois
860 863 1006 936 sollicite
1020 863 1265 957 provideamus
1280 875 1316 938 et
1327 867 1399 938 Deo
1416 867 1453 938 in
1471 866 1515 938 iis
1532 863 1618 963 [eer-

207 979 354 1080 vientes]
367 983 412 1056 ab
424 979 642 1058 infestatione
654 987 821 1058 malorum
834 986 1013 1060 bominum
1026 1007 1166 1060 securos
1178 998 1213 1060 et
1222 989 1359 1084 quietos
1370 999 1485 1062 nostre
1500 990 1619 1064 delen·

206 1107 314 1180 sionis
334 1107 528 1180 munimine
547 1107 746 1182 reddamus.
768 1109 830 1182 llis
845 1121 961 1182 autem
979 1109 1142 1205 precipue
1158 1111 1253 1206 regie
1266 1113 1485 1206 benignitatis
1504 1124 1617 1188 nostre

207 1230 423 1304 clementiam
439 1231 601 1304 libentius
617 1229 834 1304 decrevimus
848 1233 1014 1327 impertiri
1028 1233 1155 1328 quibus
1165 1256 1229 1308 sne
1243 1235 1417 1330 religionis
1427 1247 1461 1308 et
1474 1236 1616 1310 honeste

207 1355 477 1430 conversationis
488 1355 614 1428 intuitu
624 1356 878 1430 serenissimum
888 1368 1020 1452 petrem
1032 1367 1185 1430 nostrum
1193 1359 1376 1432 Henricum
1386 1362 1615 1434 Romanorum

206 1480 456 1575 imperatorem,
464 1489 802 1576 semperaugustum,
813 1482 1534 1578 propensioremimperialisexcellentiesue
1541 1509 1615 1580 gra·

206 1604 289 1676 ham
302 1615 337 1678 et
346 1604 555 1680 defensionis
567 1626 632 1678 sue
643 1606 887 1700 protectionem
898 1607 1083 1680 contulisse
1093 1608 1331 1702 cognovimus
1343 1608 1433 1694 Quia
1442 1609 1561 1682 fratres
1570 1609 1615 1682 de

204 1749 319 1802 eremo
336 1731 458 1804 Sancte
472 1729 589 1802 Crucis
603 1729 717 1802 Fontis
732 1727 898 1803 Avellaue
916 1740 951 1804 et
966 1741 1098 1804 ceteros
1118 1733 1238 1804 fratres
1255 1732 1290 1802 iu
1310 1733 1382 1804 suis
1395 1732 1548 1804 ecelesiis
1566 1733 1612 1806 ad

205 1851 316 1944 ipsam
329 1871 481 1926 eremum
496 1851 744 1947 pertinentibus
758 1862 1006 1926 commorantes
1022 1855 1127 1928 sacris
1139 1855 1301 1950 operibus
1310 1855 1438 1948 jugiter
1451 1854 1614 1928 insudare

204 1981 240 2046 et
250 1973 342 2048 bona
355 1975 446 2048 lama
460 1975 496 2046 in
507 1975 611 2048 domo
624 1973 688 2048 Dei
700 1974 846 2070 flagrare
859 1976 1104 2066 intelleximus,
1119 1977 1264 2072 dignum
1278 1977 1445 2050 duximus
1455 1979 1612 2074 ampliori

205 2107 320 2170 nostre
336 2099 527 2172 serenitatis
544 2099 725 2172 clementia
741 2100 854 2172 locum
873 2100 986 2194 ipsum
1002 2109 1036 2174 et
1048 2102 1123 2174 loca
1138 2101 1248 2196 ipsius
1264 2101 1424 2196 superius
1438 2100 1612 2176 nominata

203 2231 239 2297 et
255 2223 487 2318 possessiones
506 2243 624 2298 eorum
643 2221 781 2314 intueri,
799 2232 834 2296 et
850 2223 1080 2318 propensioris
1097 2225 1206 2318 gratie
1219 2223 1387 2298 beneficio
1403 2245 1567 2320 personas
1578 2235 1613 2298 et

203 2364 258 2420 res
271 2347 423 2443 ipsorum
437 2369 506 2421 una
519 2369 599 2420 cum
611 2347 899 2421 excellentissimo
918 2359 1013 2444 patre
1029 2357 1145 2422 nostro
1160 2349 1390 2424 Romanorum
1407 2347 1610 2443 imperatore

203 2480 353 2564 augusto
370 2480 605 2546 manutenere.
621 2471 747 2543 Notum
764 2471 869 2566 igitur
887 2473 1032 2546 ledmus
1053 2473 1214 2546 omnibus
1227 2472 1350 2546 Christi
1370 2481 1405 2546 et
1421 2473 1527 2546 nostri
1545 2473 1613 2548 im·

203 2595 289 2690 perii
314 2594 475 2668 fidelibus
499 2605 569 2668 tam
594 2594 719 2667 futuris
743 2616 849 2689 quam
875 2597 1093 2690 presentibus
1112 2595 1208 2689 quod
1231 2618 1294 2670 nos
1314 2597 1479 2692 prelatum
1499 2597 1614 2670 eccle-

202 2720 307 2811 siam,
330 2719 459 2792 scilicet
475 2740 629 2792 eremum
647 2720 773 2792 Sancte
796 2717 914 2791 Crucis
930 2719 1044 2792 Fontis
1066 2719 1231 2792 Avelleue
1249 2729 1283 2792 et
1300 2720 1460 2792 ecclesias
1476 2742 1547 2814 que
1562 2721 1614 2792 sio

203 2845 376 2938 pertinent
394 2845 450 2918 vel
470 2842 639 2938 pertinere
656 2842 833 2927 videntur,
853 2843 1065 2939 ubicumque
1081 2853 1179 2936 sunt,
1198 2865 1278 2916 oum
1300 2843 1468 2916 universis
1487 2845 1563 2936 ejus
1579 2853 1613 2916 et

203 2989 322 3042 earum
342 2968 556 3063 pertinentiis
573 2967 609 3040 in
628 2976 742 3040 nostre
761 2967 916 3040 tuitionis
933 2969 1082 3066 speciale
1100 2968 1326 3064 patrocinium
1343 2988 1413 3040 nna
1430 2987 1510 3038 cum
1528 2988 1612 3061 pre-

203 3091 296 3164 dicto
311 3103 408 3187 patre
422 3103 537 3166 nostro
554 3100 647 3165 unta
659 3092 899 3166 benevolentia
914 3095 1107 3188 recepimus
1118 3103 1158 3164 ut
1170 3092 1286 3165 omnia
1297 3089 1453 3184 ejusdem
1466 3091 1610 3164 ecclesie

203 3215 402 3314 earumdem
431 3216 653 3290 ecclesiarum
677 3215 839 3288 fratribus
866 3215 951 3288 inibi
980 3217 1052 3290 Deo
1090 3215 1319 3288 servientibus
1354 3213 1543 3308 spectantia
1568 3235 1609 3286 ea

202 3362 289 3436 pace
303 3362 373 3435 que
388 3340 492 3414 rebus
510 3339 586 3414 fisci
602 3339 708 3414 nostri
729 3338 873 3412 debetur
891 3360 1024 3434 semper
1040 3337 1108 3410 lrui
1125 3337 1285 3410 velimus.
1306 3337 1356 3409 Ea
1374 3345 1512 3430 propter
1526 3357 1610 3408 om-

202 3463 308 3536 nibus
323 3463 459 3559 imperii
482 3462 589 3536 nostri
615 3460 789 3552 fidelibus,
808 3461 1083 3551 marchionibus,
1101 3459 1303 3547 comitibus,
1326 3458 1504 3532 civitatum
1527 3479 1610 3532 eon-

202 3587 349 3676 sulibus,
366 3586 567 3682 capitaneis,
581 3585 837 3673 vavassoribus,
854 3595 889 3658 et
903 3585 1074 3658 universis
1089 3585 1262 3679 publicam
1278 3581 1609 3657 administrationem

202 3712 403 3806 gerentibus
432 3719 467 3784 et
495 3711 616 3782 celeris
642 3708 854 3803 quibuslibet
881 3708 1079 3782 bominibus
1105 3707 1172 3781 sub
1200 3707 1317 3781 debito
1342 3705 1516 3780 fidelitatis
1541 3729 1610 3800 qua

201 3843 319 3906 nostro
346 3834 490 3929 imperio
513 3833 666 3906 adstricti
690 3842 772 3906 suut
798 3831 938 3904 firmiter
961 3831 1184 3926 precipiendo
1210 3829 1416 3904 mandamus
1441 3837 1612 3924 quatenus

202 3957 289 4030 nihil
313 3979 466 4052 unquam
488 3955 533 4030 de
550 3956 712 4029 omnibus
730 3956 1001 4051 possessionibus
1017 3965 1051 4028 et
1067 3953 1240 4027 universis
1264 3952 1449 4046 bonisque
1473 3951 1612 4045 prelatis

201 4081 347 4154 attinent
379 4080 540 4154 fratribus
570 4080 736 4154 violenter
767 4091 828 4154 aut
858 4089 975 4154 contra
1005 4080 1216 4152 voluntatem
1242 4075 1442 4150 eorumdem
1468 4075 1611 4148 fratrum

201 4204 403 4296 contingant
427 4215 488 4276 aut
512 4204 649 4294 tollant,
669 4226 711 4277 ee
727 4225 786 4278 eos
802 4213 871 4278 hm
890 4206 926 4276 in
949 4203 1147 4276 hominibus
1168 4201 1243 4274 sive
1267 4200 1424 4274 vassallis
1447 4221 1551 4294 quam
1572 4198 1609 4270 iu

201 4327 427 4420 animalibus,
448 4337 516 4400 mm
536 4329 571 4398 in
590 4328 714 4402 edibus
731 4351 837 4423 quam
862 4330 899 4402 in
922 4329 1032 4423 agris,
1054 4328 1090 4400 in
1112 4325 1274 4400 omnibus
1291 4323 1431 4396 omnino
1453 4323 1557 4395 rebus
1575 4333 1609 4396 et

203 4451 289 4524 locis
306 4449 352 4528 ad
365 4451 425 4542 jus
438 4472 556 4524 eorum
573 4451 820 4545 pertinentibus
837 4453 931 4525 nulla
944 4472 1085 4547 prorsus
1102 4449 1306 4522 tributorum
1319 4447 1374 4518 vel
1389 4446 1609 4540 angariarum

201 4575 394 4648 aliorumve
410 4575 627 4649 servitiorum
647 4576 827 4650 exactione
848 4577 1044 4663 molestent,
1063 4595 1171 4668 quum
1193 4593 1255 4646 nos
1278 4569 1418 4644 eosdem
1436 4571 1555 4644 iratres
1568 4593 1610 4646 ac

204 4699 437 4794 possessiones
461 4709 497 4774 et
521 4699 612 4774 bona
639 4699 791 4795 ipsorum
817 4701 862 4774 ab
890 4700 944 4773 his
969 4697 1208 4774 exactionibus
1237 4695 1362 4768 liberos
1380 4693 1425 4768 de
1446 4703 1558 4768 cetero
1574 4705 1610 4770 et

304 4822 344 4882 11.
359 4839 441 4880 rana.
1399 4827 1454 4880 118
