4466 5914
513 501 574 564 648
1021 501 1234 564 saluatum
1257 502 1430 564 securint
1740 505 1822 585 [err.
1840 508 1932 572 iffi.

516 638 620 714 valde
634 638 803 735 propicius
816 647 852 711 et
866 637 1033 732 benignos
1048 637 1193 712 reddere
1210 639 1448 734 disponentes,
1468 639 1688 714 concordiam
1704 641 1798 715 illam
1814 653 1849 716 et
1867 665 1929 739 pa·

518 785 595 838 cern
612 786 682 859 que
700 763 789 838 iuter
812 763 1028 836 censuimum
1053 761 1163 836 lilium
1185 772 1340 836 nostrum
1362 764 1548 837 Henricum
1563 787 1682 860 regern
1698 767 1929 842 Romanorum

518 887 683 962 illustrem
696 909 742 960 ex
763 909 832 960 una
850 897 947 983 parte
965 897 1000 960 et
1019 898 1052 959 te
1068 909 1119 960 ex·
1130 887 1237 960 altera
1253 888 1350 982 apud
1366 888 1523 982 Spiream
1542 887 1609 984 (l),
1630 889 1820 964 deliberato
1837 893 1929 986 prin·

516 1012 634 1108 cipum
654 1022 846 1086 nostrorum
869 1012 931 1106 qni
955 1011 1086 1086 ibidem
1105 1011 1250 1086 aderaut
1265 1012 1428 1102 consilio,
1447 1012 1594 1107 provide
1614 1015 1729 1086 extitit
1749 1014 1924 1104 ordinata,

515 1147 626 1211 ratam
648 1147 682 1210 et
706 1137 838 1210 firmum
856 1137 1043 1210 babuimus
1061 1145 1096 1209 et
1111 1135 1294 1209 habemus.
1315 1135 1473 1208 Ceterum
1490 1136 1574 1230 quia
1591 1137 1826 1212 intelleximus
1843 1151 1928 1214 stre·

516 1264 683 1336 unitatem
698 1271 793 1336 tuam
809 1261 922 1334 crucis
937 1261 1153 1354 signaculum
1172 1262 1350 1356 prolerre
1364 1262 1489 1334 Sancte
1508 1262 1666 1336 subsidio
1678 1267 1925 1362 assumpsisse,

516 1389 612 1462 letati
633 1389 762 1458 luimus
782 1395 821 1458 ut
843 1386 971 1481 inipso
994 1393 1111 1458 sancto
1136 1385 1258 1458 itinere
1281 1395 1313 1458 te
1335 1385 1551 1458 fructuosum
1581 1397 1616 1459 et
1644 1387 1818 1482 ydoneum
1840 1413 1928 1484 sup·

515 1522 723 1610 portatorem
746 1511 933 1599 habentes,
958 1531 999 1584 eu
1021 1510 1069 1584 ad
1088 1509 1260 1604 condigne
1277 1510 1563 1584 remunerationis
1581 1513 1713 1606 premia
1728 1513 1925 1609 amplianda

515 1656 598 1732 erga
621 1649 655 1710 te
676 1637 860 1732 specialius
885 1637 1078 1710 excitemur
1100 1657 1172 1732 quo
1198 1644 1259 1710 tue
1283 1633 1479 1708 devotionis
1503 1636 1626 1710 merita
1648 1659 1711 1732 per
1737 1638 1927 1712 cotidianas

516 1759 748 1856 experientias
779 1758 959 1832 evidenter
990 1757 1121 1832 ibidem
1150 1758 1339 1853 poterimus
1367 1758 1532 1852 experiri.
1567 1760 1727 1834 volentes
1753 1761 1858 1856 igitur
1890 1771 1929 1832 ut

516 1895 719 1982 conceptum
742 1893 842 1956 tuum
862 1883 1051 1956 favorabile
1071 1891 1192 1957 votum
1214 1893 1332 1955 nostra
1350 1883 1581 1956 subventione
1602 1885 1758 1958 securius
1781 1894 1816 1958 et
1837 1886 1928 1958 bbe-

516 2011 589 2084 rius
615 2009 815 2104 exequaris,
843 2007 1000 2082 fidelitati
1024 2016 1083 2080 tue
1105 2007 1314 2081 mandamus
1336 2007 1501 2102 quatinus
1523 2008 1569 2082 ad
1591 2010 1833 2084 executionem
1852 2019 1926 2084 tam

516 2135 626 2211 sancti
653 2135 818 2230 propositi
847 2141 881 2206 te
904 2141 1060 2228 potenter
1084 2143 1118 2206 et
1145 2131 1329 2227 magnifice
1355 2132 1497 2206 studeas
1519 2153 1714 2229 preparare.
1739 2134 1809 2207 Nos
1833 2135 1926 2208 enirn

517 2285 598 2336 cum
615 2260 662 2334 ad
681 2281 744 2332 nos
763 2259 962 2354 perveneris
979 2259 1016 2332 in
1033 2259 1210 2353 passagio,
1230 2259 1369 2352 triginta
1385 2259 1442 2332 vel
1457 2258 1689 2354 quadraginta
1704 2260 1853 2332 militnm
1870 2261 1926 2334 vel

517 2387 621 2460 etiam
639 2384 797 2480 ampliori
814 2383 877 2456 tibi
902 2383 1104 2456 liberalitate
1120 2379 1170 2479 (c)
1189 2383 1388 2456 curabimus
1405 2381 1589 2479 providere
1612 2385 1648 2456 in
1669 2385 1876 2480 competenti
1893 2393 1928 2454 et

515 2531 671 2604 congrua
690 2509 836 2582 aliorum
859 2507 1106 2598 subventione;
1128 2507 1228 2600 juxta
1249 2507 1433 2580 consilium
1455 2507 1633 2581 memorati
1658 2507 1844 2582 cardinalis
1871 2511 1925 2581 cui

517 2637 555 2709 iu
580 2634 646 2708 boc
672 2645 706 2708 et
732 2633 768 2706 in
795 2633 871 2707 aliis
896 2632 1112 2728 disponimus
1136 2633 1349 2727 complacere
1374 2641 1409 2705 et
1434 2631 1538 2705 etiam
1566 2633 1679 2705 fratris
1701 2634 1743 2704 li.
1773 2635 1926 2729 magistri

517 2759 696 2855 hospitalis
715 2757 1021 2848 Tbeutoniccrum,
1049 2755 1270 2830 devotionem
1287 2765 1382 2828 tuam
1400 2755 1545 2828 libenter
1562 2764 1598 2828 et
1616 2755 1801 2830 liberaliter
1819 2757 1927 2853 respi-

518 2905 596 2958 cere
611 2892 860 2980 proponentes,
877 2882 951 2976 [ita]
970 2879 1067 2977 quud
1082 2881 1198 2954 eidem
1221 2879 1389 2954 cardinali
1413 2877 1451 2952 id
1470 2879 1535 2952 erit
1558 2880 1791 2974 gratissimum
1813 2891 1848 2954 et
1870 2903 1928 2955 ac·

518 3018 675 3105 ceptum,
708 3017 816 3102 tuque
841 3004 987 3102 proinde
1020 3003 1067 3078 ad
1103 3013 1218 3077 nostra
1245 3004 1414 3098 obsequia
1438 3005 1473 3074 in
1504 3012 1709 3098 perpetuum
1734 3005 1929 3078 remanebis

519 3134 704 3230 specialius
726 3132 909 3224 obligatus.

566 3260 689 3329 Datum
706 3254 803 3350 apud
820 3255 974 3348 burgum
990 3253 1105 3326 Sancti
1123 3252 1292 3342 Donuiui‚
1313 3252 1420 3326 XVlll
1435 3252 1532 3346 julii,
1550 3253 1644 3324 Xllll
1662 3251 1874 3326 indictionis.

321 3896 369 3952 a„
354 3894 487 3994 aem
570 3854 802 3960 Fridericus‚
822 3844 1109 3936 Romanorum
1100 3859 1321 3954 rmperator,
1336 3839 1535 3926 ecelesiam
1550 3837 1795 3949 Aquensem
1785 3864 1826 3920 ιιι
1845 3863 1931 3947 spe-

348 4002 397 4114 ὓς
399 4007 459 4061 ³¹²¹
516 3994 649 4079 cialem
680 4014 791 4074 suam
817 3983 1089 4095 protectionem
1106 3979 1256 4088 recipit,
1276 3977 1387 4087 eique
1409 3974 1610 4060 confirmet
1635 3999 1769 4058 omues
1796 3972 1929 4056 dona-

514 4129 637 4213 tiones
656 4123 705 4207 eb
723 4117 1022 4206 antecessoribus
1041 4113 1121 4198 suis
1139 4111 1259 4196 laetas
1263 4135 1386 4222 ,quae
1403 4109 1546 4194 ibidem
1565 4108 1733 4193 seriatim
1746 4114 1784 4190 ct
1796 4105 1929 4190 nomi-

517 4261 639 4346 natim
656 4256 934 4366 exprimuntur.

558 4422 599 4502 (ιι)
621 4422 657 4482 In
670 4423 811 4497 lmpresso
826 4413 927 4490 libere,
943 4413 1031 4476 mule.

523 4549 1920 4590 „....W„„.„....................-...-...-

550 4661 587 4736 (t)
606 4663 687 4719 Deest
699 4665 791 4717 umen
803 4657 1011 4714 instrumentum
1024 4649 1113 4726 pacis,
1126 4648 1199 4724 quod
1213 4645 1399 4706 unumnodo
1410 4662 1443 4704 ex
1458 4644 1510 4704 bac
1522 4643 1659 4703 mundone
1672 4641 1822 4702 noscimus.
