4466 5914
518 543 582 607 ὥς
1018 535 1232 598 mimici
1256 537 1434 600 suetan!
1740 540 1821 616 [Au.
1839 542 1925 604 tm

521 675 932 776 eupradictisreboaper
953 672 1928 769 epiaonpumeteapituluwtedidoedafiatnaine

524 799 1037 878 motiunetetoniiadeurum
1057 797 1238 870 andraian
1259 799 1925 895 mmmffimpunnnamfflu-

522 925 667 1000 modum
691 921 1929 1019 inemumeaiptoplmimdinoedturoontiui,demenuui-

523 1052 661 1126 fluentia
681 1050 791 1146 gratia
816 1045 1074 1121 oonfirmamua.
1092 1047 1295 1120 ttanrtanra
1312 1057 1349 1120 et
1365 1045 1743 1140 mniumjnngmroe
1759 1051 1928 1122 utnuttua

520 1177 566 1249 ait
581 1176 643 1271 qui
660 1176 830 1271 prelatum
842 1172 1004 1245 abbatum
1018 1181 1055 1243 et
1068 1181 1278 1244 oourentum
1292 1182 1413 1244 m
1428 1183 1623 1266 prumam
1635 1172 1927 1246 mammam

520 1297 1928 1393 roammsuperpruniutromninustannamtranevetpumrnrropa·

520 1433 647 1498 sumat.
665 1421 769 1510 Quod
785 1422 848 1517 qui
867 1422 1115 1516 presumpserit
1137 1420 1409 1514 indignatam
1428 1422 1537 1493 nostri
1557 1423 1718 1493 culminia
1736 1443 1777 1495 aa
1795 1423 1927 1494 noverit

520 1549 754 1622 incursurum.
771 1545 829 1619 Ad
848 1546 954 1638 hujus
974 1555 1091 1617 autern
1113 1543 1383 1618 oonfirmationia
1403 1557 1520 1619 ωε
1537 1549 1740 1620 rumim
1764 1557 1800 1619 et
1822 1548 1927 1620 robur

522 1669 1926 1769 perpetuovaliturumpreeemaeriptumindederietaigsslooetaimdiuianoetm

516 1797 685 1892 jumimua
699 1793 918 1868 eommunin‘.

569 1921 695 1993 Datum
724 1915 821 2012 apud
850 1917 1005 2010 Burgum
1029 1914 1145 1986 Sanoti
1172 1915 1344 2005 Donnini,
1372 1939 1466 1990 annu
1489 1915 1664 1990 dominioe
1685 1915 1927 1992 inuarnationis

522 2043 764 2135 MULXXVI,
782 2063 899 2114 menae
908 2041 1003 2134 julii,
1020 2039 1501 2136 quartededmeindiotiuuie.

729 2341 834 2352 ..n-..-

327 2615 492 2712 am·
573 2609 809 2714 Fridericue‚
842 2608 1103 2692 Romanorum
1138 2608 1363 2718 imperator,
1397 2610 1678 2694 Mainardinum
1711 2609 1928 2719 episeopum

353 2723 464 2830 ”taff
520 2743 746 2828 lmoleusem
763 2751 802 2826 et
817 2742 1015 2826 ecelesiam
1037 2741 1121 2853 ejus
1142 2743 1216 2826 sub
1233 2742 1454 2828 defensione
1474 2745 1622 2854 imperii
1647 2745 1796 2854 recipit,
1821 2743 1929 2852 eique

521 2903 656 2964 omnes
673 2877 931 2988 possessionen
949 2875 1090 2960 ibidem
1108 2903 1307 2986 expresses
1323 2878 1525 2962 oonfirmat
1544 2904 1634 2962 oum
1651 2878 1809 2962 diversis
1822 2875 1923 2986 juri-

520 3009 594 3096 hua
609 3023 647 3094 et
662 3009 982 3094 immunitatibus.

604 3219 1684 3304 (mlumttarrrrndratarou,un,p.aae.-tmnrnrrus‚ffirr.
1701 3217 1928 3304 apirooplnroL,

639 3345 669 3410 p.
690 3327 771 3408 tto.)

573 3518 757 3592 Federioue
778 3519 842 3592 Dei
862 3520 972 3614 gratia
991 3520 1221 3596 Romanorum
1241 3523 1439 3620 impmator,
1460 3544 1598 3620 semper
1623 3529 1812 3617 augustus,
1831 3521 1930 3594 Jeru-

524 3644 632 3718 ratem
649 3653 685 3716 et
700 3644 816 3718 Sicilie
832 3667 913 3739 rex,
936 3647 1108 3720 universis
1131 3648 1267 3744 imperii
1290 3647 1454 3722 fidelibus
1471 3657 1665 3744 presentem
1687 3647 1850 3744 paginam
1870 3645 1931 3716 in-

523 3767 693 3864 specturis
713 3770 858 3864 gratiam
876 3791 977 3844 auam
996 3780 1033 3844 et
1049 3772 1177 3844 bonam
1192 3774 1418 3847 voluntatem.
1440 3773 1631 3868 Impertnlia
1651 3771 1830 3865 regiminis
1849 3789 1931 3842 oure

524 3901 559 3967 et
573 3894 725 3990 auaoepti
742 3895 857 3968 oneris
873 3895 1069 3990 benignitas
1087 3919 1153 3970 noe
1169 3897 1333 3972 admonet
1345 3907 1380 3971 et
1397 3896 1532 3971 inducit
1547 3907 1587 3970 ut
1608 3898 1645 3970 hi
1660 3897 1723 3993 qui
1739 3902 1932 3970 constanter

523 4027 559 4092 et
581 4016 728 4092 fideliter
743 4029 971 4116 promptaque
988 4020 1171 4096 devotione
1196 4023 1445 4116 subiectionem
1468 4022 1615 4118 imperio
1631 4031 1668 4094 et
1685 4021 1811 4096 deuota
1831 4019 1932 4092 obse

521 4141 605 4238 quia
632 4141 822 4235 exhibent,
848 4143 1018 4239 imperiali
1040 4144 1275 4220 munifioentia
1294 4149 1331 4220 in
1355 4169 1498 4220 auorum
1519 4147 1690 4220 bonorum
1712 4142 1932 4240 ampliatione

525 4263 621 4361 apud
645 4265 828 4360 imperium
848 4265 1046 4362 proficiant,
1068 4277 1240 4365 quatenus
1262 4277 1298 4344 ot
1320 4270 1386 4366 ipai
1410 4269 1584 4364 oondigna
1608 4291 1752 4344 suorum
1775 4267 1930 4341 laborum

523 4397 559 4462 et
572 4387 791 4462 servitiomm
808 4392 1082 4468 remuneratione
1093 4393 1269 4486 gaudeant
1281 4402 1316 4467 et
1328 4396 1531 4490 exemplum
1547 4395 1624 4468 aliie
1637 4395 1814 4490 prebeant,
1830 4399 1871 4463 ut
1884 4389 1927 4463 ad

523 4513 704 4586 servitium
719 4522 755 4586 et
779 4515 999 4590 devotionem
1024 4517 1159 4614 imperii
1188 4541 1226 4592 se
1252 4517 1440 4592 exhibeant
1461 4520 1699 4615 promptiores.
1723 4519 1772 4591 Ea
1792 4522 1931 4612 propter

524 4637 697 4710 univeraia
719 4637 854 4736 imperii
879 4643 986 4716 nostri
1010 4641 1173 4718 fidelibus
1193 4653 1311 4716 nutum
1336 4663 1413 4718 ease
1434 4645 1598 4718 volumus
1619 4655 1689 4718 tam
1713 4639 1930 4739 presentibus
