4466 5914
275 576 373 636 imru.
391 569 454 655 lt]
721 565 919 628 arsroata
944 566 1238 632 brebouarlca
1628 565 1690 626 625

354 733 493 814 (saum
507 731 690 794 monam
707 733 739 788 et
754 727 910 806 Knsusre,
931 725 1161 807 btpbmntarta,
1176 737 1201 794 t.
1217 731 1265 805 Π,
1279 747 1312 809 p.
1330 739 1405 805 588,
1419 729 1458 794 b.
1473 739 1503 793 a.
1518 761 1559 774 -
1572 729 1690 790 smon-

395 855 489 912 τισι,
504 833 633 900 aaut.
653 831 846 902 Urhtudeub„
866 841 890 897 t.
906 836 933 908 1,
947 852 979 912 p.
997 835 1058 917 19.)

326 1025 519 1100 Fridericus
528 1024 590 1096 Dei
599 1022 709 1118 gratia
717 1023 947 1095 Romanorum
960 1023 1157 1118 imperator,
1167 1046 1302 1120 semper
1311 1037 1494 1120 augustus,
1502 1025 1693 1098 Jerusalem

279 1149 592 1226 stSiciliercxaer
600 1169 739 1242 presens
747 1147 913 1244 scriptum
921 1159 1042 1221 notum
1052 1149 1198 1221 iacimus
1207 1150 1378 1224 universis
1386 1151 1521 1246 imperii
1531 1150 1693 1224 fidelibus
1804 1133 1810 1140 ¹

280 1285 349 1348 tam
364 1273 582 1371 presentibus
595 1293 700 1366 quam
718 1271 843 1343 futuris
855 1271 952 1366 quod
967 1293 1030 1345 nos
1045 1253 1261 1347 attendentes
1283 1273 1502 1348 devotionem
1527 1283 1562 1348 et
1588 1273 1693 1348 fidem

280 1421 386 1494 qnam
400 1421 483 1493 erga
504 1420 569 1470 nos
588 1397 678 1492 gerit
691 1396 840 1470 dilectus
856 1396 971 1471 fidelis
988 1409 1104 1472 noster
1118 1401 1248 1495 Boppo,
1268 1421 1383 1473 comes
1402 1400 1447 1473 de
1467 1399 1693 1492 Henneberg,

282 1523 318 1596 in
339 1532 471 1596 rectum
491 1531 526 1596 et
546 1529 751 1618 perpetuum
771 1521 917 1594 seudum
938 1523 970 1594 ei
997 1528 1230 1597 concessimus
1256 1545 1376 1596 ornnes
1404 1525 1479 1597 auri
1503 1533 1538 1598 et
1564 1523 1697 1618 argenti
1807 1515 1810 1525 ⁴

282 1645 418 1720 fodinas
434 1656 469 1720 et
487 1656 556 1720 tam
572 1646 642 1718 alia
657 1667 878 1740 quecumque
894 1647 1031 1720 metulla
1051 1668 1156 1740 quam
1177 1647 1323 1734 salinas,
1340 1667 1410 1742 que
1427 1646 1554 1720 amodo
1569 1649 1697 1720 tuerint

282 1771 424 1846 interra
438 1771 515 1863 ejus
531 1779 682 1866 repertu,
704 1778 744 1840 nt
765 1791 807 1843 ea
834 1769 881 1844 ad
908 1769 1086 1866 proprium
1108 1793 1210 1843 usum
1237 1793 1341 1844 suum
1367 1783 1544 1844 convertat
1568 1781 1696 1844 ettam

283 1873 358 1992 ipse
375 1916 480 1990 qnam
496 1893 643 1968 heredes
664 1893 737 1986 sui,
755 1892 846 1966 sicut
865 1893 913 1968 ad
934 1893 1117 1990 imperium
1140 1904 1174 1966 et
1198 1916 1262 1967 nos
1283 1903 1492 1992 spectarent,
1514 1916 1594 1967 curn
1618 1895 1697 1966 uni·

283 2019 392 2094 versis
409 2019 636 2115 proventibus
651 2018 725 2090 suis
735 2019 815 2111 jure
830 2017 956 2092 feodali
972 2028 1111 2092 teneant
1123 2029 1158 2092 et
1171 2019 1387 2116 possideant,
1402 2029 1438 2094 et
1449 2020 1485 2092 in
1497 2019 1569 2112 bis,
1585 2041 1698 2114 quau·

285 2155 358 2217 tum
381 2143 428 2218 ad
449 2146 508 2236 jus
534 2144 671 2240 imperii
698 2144 866 2239 pertinet,
889 2164 953 2240 pro
980 2143 1162 2217 commodo
1183 2153 1218 2216 et
1236 2145 1382 2218 utilitate
1402 2167 1467 2220 sna
1489 2144 1699 2241 disponendi

285 2269 427 2342 liberam
441 2289 577 2365 semper
590 2268 742 2342 babeant
757 2269 966 2340 facultatem.
986 2268 1194 2342 Mandamns
1213 2269 1320 2364 igitur
1346 2279 1381 2343 et
1402 2271 1469 2342 sub
1493 2269 1700 2342 intermina-

286 2393 378 2468 tione
391 2395 501 2488 gratie
525 2403 642 2468 nostre
664 2393 817 2466 districte
836 2393 1046 2489 precipimus
1067 2414 1112 2465 ne
1135 2393 1214 2488 quis
1241 2415 1302 2467 eos
1328 2392 1374 2466 de
1399 2403 1512 2467 cetero
1527 2392 1577 2489 (a)
1596 2415 1702 2490 super

287 2516 352 2592 bae
367 2529 482 2592 nostra
503 2518 728 2592 concessione
751 2517 920 2614 impedire
939 2527 1000 2591 aut
1019 2517 1201 2591 molestare
1216 2527 1402 2614 presumat.
1420 2518 1521 2604 Quod
1539 2519 1601 2612 qui
1618 2539 1702 2614 pre-

287 2643 485 2738 sumpserit,
511 2642 699 2738 imperialis
726 2641 948 2716 sublimitatis
971 2641 1137 2715 offensam
1167 2663 1206 2715 se
1235 2644 1371 2715 noverit
1400 2643 1551 2738 graviter
1579 2645 1702 2714 incur-

288 2789 419 2840 surum.
435 2766 493 2840 Ad
508 2768 610 2859 cujus
626 2767 677 2841 rei
694 2775 821 2839 certam
836 2765 1047 2839 evidentiam
1065 2775 1100 2838 et
1112 2776 1226 2839 nostre
1242 2765 1473 2840 concessionis
1485 2767 1700 2855 memoriam,

289 2911 428 2986 presens
451 2891 617 2986 scriptum
640 2887 714 2963 fieri
739 2899 774 2963 et
795 2890 910 2984 sigilio
930 2890 1117 2984 majestatis
1144 2899 1260 2964 nostre
1280 2890 1448 2982 jussimus
1472 2890 1698 2982 communiri,

289 3035 396 3102 anno,
413 3035 531 3088 mense
543 3023 579 3088 et
593 3013 782 3088 indictione
796 3015 1014 3111 subscriptis.

338 3141 462 3212 Datum
482 3139 579 3235 apud
601 3141 756 3234 Burgum
777 3141 893 3214 Sancti
911 3138 1124 3238 Dom[n]ini‚
1147 3161 1239 3213 anno
1262 3139 1435 3214 dominice
1458 3141 1702 3215 incarnationis

291 3263 470 3338 millesimo
491 3263 728 3338 ducentesimo
752 3264 918 3338 vicesimo
940 3272 1060 3354 sexto,
1085 3285 1204 3338 mense
1230 3265 1337 3360 junii,
1363 3267 1620 3362 quartadecima
1648 3267 1701 3339 in·

292 3387 464 3462 dictionis.

507 3609 902 3622 Ἥ

263 4018 269 4027 .
346 3911 575 4016 Fridericus‚
604 3909 864 3995 Romanorum
890 3911 1109 4020 imperator,
1141 3912 1281 3996 civitati
1307 3913 1508 3998 Lubicensi
1535 3919 1708 4002 concedit
1735 3947 1903 4044 rngpppn

295 4055 339 4131 ut
356 4072 504 4156 semper
520 4045 641 4128 libera
658 4045 726 4152 sit,
744 4054 931 4155 tanquam
946 4045 1077 4129 civitas
1092 4045 1265 4156 specialis
1278 4047 1426 4158 imperii
1444 4057 1481 4132 et
1499 4051 1549 4132 ad
1570 4052 1705 4134 domi·
1763 4054 1873 4164 Ἢν

295 4179 403 4262 nium
420 4178 616 4290 imperiale
632 4178 844 4288 pertinens3
862 4179 1053 4290 simulque
1070 4190 1239 4264 recenset
1257 4196 1295 4264 et
1312 4181 1512 4266 confirmat
1524 4183 1708 4268 immuni-

295 4321 390 4394 tates
420 4322 459 4394 et
487 4311 684 4424 privilegia
710 4310 793 4422 ejus
819 4314 868 4396 de
899 4321 1062 4420 rectore,
1091 4315 1139 4396 de
1165 4315 1358 4424 terminis,
1386 4317 1435 4400 de
1456 4327 1628 4424 moneta,
1658 4322 1707 4404 de

297 4443 616 4556 negotiationibus
631 4455 669 4528 et
686 4446 841 4529 caeteris
859 4445 1001 4530 ibidem
1019 4447 1220 4557 expressis.

339 4685 376 4769 (a)
397 4689 434 4750 ln
446 4691 595 4768 impressis
608 4687 733 4770 άιιτιιο,
746 4693 845 4754 miuus
859 4700 948 4755 recta.

397 4795 439 4858 11.
453 4811 536 4857 rma.
