4330 5914
426 563 430 571 '
505 575 568 638 aaa
1002 583 1216 647 rarnnarcr
1241 585 1416 647 sncuuor
1730 583 1810 662 [ιιι.
1829 585 1915 647 rasa

508 721 601 802 tare;
624 715 932 808 transgressoribus
946 717 975 788 si
995 719 1057 813 qui
1074 720 1202 793 inerint
1221 743 1311 818 pena
1336 719 1497 816 imposita
1519 717 1724 815 puniendis,
1745 723 1916 814 quemad

508 837 667 908 comitem
690 837 870 912 Provincia
896 849 931 913 et
950 841 1180 938 Forcalqnerii
1207 844 1346 919 devolvi
1373 864 1566 916 censemus.
1593 841 1650 914 Ad
1674 841 1778 934 hujus
1800 843 1918 936 itaque

507 960 736 1033 revocationis
766 965 967 1037 memoriam
1000 977 1035 1039 et
1066 977 1268 1064 perpetuam
1297 967 1511 1060 firmitatem,
1536 975 1729 1062 presentem
1752 966 1913 1060 paginam

506 1081 580 1154 fieri
601 1085 746 1157 fecimus
765 1097 799 1159 et
820 1087 914 1160 bulla
940 1110 1043 1162 aurea
1069 1091 1193 1186 tipario
1213 1102 1329 1164 nostre
1347 1090 1534 1184 majestatis
1560 1090 1726 1185 impressa
1747 1089 1916 1182 jussimus

504 1206 675 1302 insigniri.

554 1333 678 1404 Datum
704 1335 821 1428 Fogie,
849 1357 940 1408 anno
965 1335 1209 1411 incarnationis
1240 1337 1413 1414 dominice
1436 1335 1648 1426 uccxxvl,
1675 1339 1793 1409 mense
1815 1343 1914 1409 octo-

505 1453 589 1549 bris,
608 1458 685 1529 XIV
703 1457 753 1556 (a)
768 1459 978 1533 indictionis.

330 2073 442 2172 {2353
556 2059 788 2169 indeficua,
803 2063 1063 2147 Romanorum
1076 2064 1297 2174 imperator,
1316 2079 1467 2150 revocat
1481 2093 1615 2151 omnes
1632 2067 1908 2168 immunitates,

502 2195 764 2278 concessiones
781 2205 819 2277 et
836 2196 1100 2304 alienationes,
1120 2198 1267 2306 imperii
1290 2199 1425 2282 honori
1457 2201 1688 2306 contrarias,
1709 2199 1829 2282 iactas
1845 2225 1913 2308 per

502 2325 735 2410 ildefonsum
758 2337 796 2410 et
819 2328 1087 2440 Raymundum
1106 2331 1377 2442 Berengnrium
1395 2333 1519 2416 filium
1536 2332 1618 2442 ejus
1636 2332 1792 2415 comites
1810 2333 1911 2416 Pro-

502 2460 669 2568 vinciae,
689 2470 781 2544 tuuc
796 2462 837 2542 in
855 2463 993 2546 minori
1013 2473 1133 2546 aetate
1149 2466 1388 2548 constitutos.

584 2699 707 2778 (lnedtt.
722 2704 755 2764 tn
769 2705 882 2766 collect.
897 2704 1031 2784 Peyrasc.
1056 2723 1104 2784 ap.
1123 2706 1264 2769 auson.
1280 2707 1466 2784 Carpentor„
1480 2713 1587 2788 regoet.
1602 2709 1651 2768 ont
1663 2707 1770 2766 titulus
1788 2713 1833 2766 ast
1847 2703 1911 2766 Διι-

622 2825 725 2892 renpc,
739 2819 773 2870 ιιο
786 2811 820 2884 Ι,
834 2813 930 2872 tnttto.
944 2812 1097 2874 Pendebat
1115 2814 1214 2875 adhuc
1233 2813 1378 2892 Payresctt
1396 2819 1528 2892 tempore
1549 2830 1639 2874 aurea
1660 2813 1742 2874 bolla
1762 2828 1834 2874 cum
1853 2812 1913 2872 nrs

622 2919 736 2992 setteis,
751 2917 832 2978 rubri
846 2924 877 2979 et
889 2919 962 2980 deal
975 2919 1103 2996 eoloris.)

548 3131 749 3206 Fredericus
766 3133 830 3204 Dei
847 3132 957 3226 gratia
978 3133 1209 3205 Romanorum
1230 3133 1425 3228 imperator,
1445 3155 1580 3228 semper
1607 3141 1792 3226 augustus,
1817 3132 1909 3203 lern-

501 3257 608 3328 salem
629 3265 663 3328 et
689 3256 804 3327 Sicilie
827 3277 906 3348 rex,
928 3256 1100 3330 universis
1126 3279 1186 3354 per
1211 3258 1392 3330 comitatus
1414 3257 1595 3329 Provincie
1623 3266 1658 3327 et
1680 3254 1909 3350 Forcalquerii

503 3379 695 3451 constitutis
718 3378 846 3472 quibus
870 3388 1044 3474 presentes
1063 3380 1173 3453 littere
1195 3393 1330 3452 ostense
1355 3381 1483 3452 luerint
1500 3377 1663 3452 fidelibus
1679 3379 1751 3450 suis
1765 3378 1909 3472 gratiam

502 3525 602 3576 suam
614 3511 650 3574 et
665 3502 791 3574 bonam
806 3504 1031 3576 voluntatem.
1045 3505 1204 3577 Pervenit
1216 3503 1261 3576 ad
1274 3503 1435 3576 noticiam
1451 3513 1602 3576 nostram
1617 3501 1714 3596 quod
1730 3502 1765 3573 in
1779 3501 1909 3574 eisdem

504 3625 722 3699 eomitatibus
741 3627 891 3722 quedam
909 3629 1105 3722 questiones
1119 3628 1398 3722 jurisdictionum
1415 3650 1485 3722 qne
1506 3626 1551 3700 ad
1576 3635 1731 3698 nostrum
1756 3633 1910 3722 spectant

503 3749 687 3846 imperium
705 3759 740 3822 et
755 3751 987 3824 immunitates
1003 3773 1067 3824 nec
1083 3774 1152 3824 non
1168 3751 1390 3826 alienationes
1404 3774 1517 3824 rerum
1534 3749 1780 3840 immobilium,
1802 3749 1908 3844 peda·

504 3875 641 3970 giorum
665 3885 701 3949 et
718 3897 842 3948 census
865 3875 1021 3970 perpetui
1039 3875 1214 3970 quondam
1230 3899 1292 3973 per
1309 3875 1517 3949 lldeionsum
1533 3875 1692 3948 comitem
1710 3871 1905 3964 Provincia,

506 3999 633 4074 deinde
654 4022 716 4096 per
737 3999 981 4094 Raymundum
1003 4002 1247 4091 Berengarium
1270 3999 1380 4072 lilium
1403 4001 1478 4092 ejus
1498 3999 1657 4072 comitem
1674 3998 1854 4070 Provincie
1875 4008 1910 4068 et

506 4124 748 4219 Forcatquerii,
761 4125 795 4194 in
811 4123 934 4195 minori
950 4133 1038 4196 etate
1051 4125 1264 4217 constitutos,
1277 4127 1363 4197 tacte
1375 4135 1456 4197 sunt
1468 4133 1501 4196 et
1516 4123 1665 4214 indulte;
1679 4143 1749 4216 que
1759 4120 1909 4216 predicta

505 4250 621 4323 omnia
646 4249 809 4323 honorem
825 4248 967 4320 Romani
982 4249 1116 4342 imperii
1133 4259 1167 4322 at
1185 4249 1364 4322 utilitatem
1378 4249 1530 4344 ipsorum
1546 4245 1770 4319 comitatuum
1789 4243 1910 4316 ledunt

504 4372 687 4445 immodice
702 4381 737 4444 et
757 4370 935 4444 evidenter
951 4371 1142 4444 offendunt.
1162 4373 1289 4445 Verum
1310 4395 1418 4466 quum
1438 4381 1552 4444 nostra
1569 4372 1708 4442 interest
1731 4369 1909 4440 malefacta

505 4497 675 4590 corrigere
689 4517 729 4569 ac
743 4517 784 4568 ea
799 4517 867 4590 que
881 4494 1075 4590 improvide
1086 4517 1247 4570 concessa
1262 4499 1314 4570 vet
1329 4497 1473 4569 alienata
1490 4504 1573 4566 sunt
1584 4516 1646 4590 per
1658 4493 1799 4566 comites
1813 4499 1909 4564 anu-

544 4691 581 4771 (a)
601 4692 649 4753 Sto
665 4695 697 4752 tn
710 4691 835 4752 dnobus
850 4691 939 4752 Recte
951 4699 1049 4752 tanen
1062 4693 1130 4768 XV,
1142 4699 1177 4754 ut
1189 4695 1220 4754 tn
1233 4693 1415 4772 praecedenti
1429 4699 1459 4752 et
1472 4693 1609 4768 sequenti
1619 4690 1806 4750 documento.
