4330 5914
579 555 638 616 706
1083 561 1296 622 satuentes
1322 561 1496 623 sscitant
1800 562 1878 647 [tiss.
1897 565 1980 626 lasa·

576 689 758 780 ineundo,
774 693 954 784 morando,
971 693 1151 768 redeumo
1166 694 1233 766 snb
1247 704 1361 768 nostra
1376 705 1411 768 et
1426 694 1568 790 speciali
1583 693 1682 768 Sedis
1696 693 1891 790 Apostolice
1906 721 1984 792 pro·

575 813 722 886 tectione
737 814 943 910 suscipimus
959 839 1040 890 cum
1064 819 1225 892 omnibus
1246 819 1344 894 bonis
1364 821 1451 892 suis.
1471 818 1651 914 iidemque
1675 829 1855 894 teneantur
1880 823 1929 894 ire
1948 824 1982 894 in

574 936 685 1030 ipsius
701 937 915 1033 imperatoris
928 943 1101 1037 passagio,
1117 945 1213 1039 quod
1230 944 1276 1016 ub
1289 965 1330 1017 eo
1344 953 1508 1016 statutum
1526 953 1623 1018 estet
1634 966 1657 1018 a
1668 945 1823 1018 Romana
1834 945 1983 1018 Ecclesia

572 1061 813 1156 approbatum.
831 1065 983 1159 Ideoque
999 1067 1215 1142 universitati
1232 1078 1344 1140 vestre
1363 1091 1426 1164 per
1440 1069 1626 1164 apostolica
1638 1069 1765 1163 scripta
1779 1069 1983 1144 mandamns

517 1257 520 1264 .
571 1192 677 1278 atque
691 1187 902 1282 precipimus
917 1199 1090 1284 quatenus
1102 1191 1299 1287 supradicta
1315 1193 1431 1265 omnia
1455 1213 1518 1286 pro
1540 1200 1637 1288 parte
1653 1201 1767 1266 vestm
1780 1193 1983 1266 inconcussa

570 1309 715 1382 servetis
741 1333 783 1382 ac
808 1333 915 1408 super
936 1314 1002 1388 hoc
1028 1316 1129 1389 nobis
1153 1325 1186 1387 et
1214 1316 1430 1411 imperatori,
1453 1315 1556 1407 juxta
1583 1325 1735 1389 tenorem
1755 1338 1860 1412 quem
1883 1318 1982 1390 vobis

487 1512 491 1518 ⁴
572 1433 833 1506 transmittimus
849 1435 916 1532 (t),
937 1447 1068 1512 vestras
1086 1449 1242 1536 patentes
1261 1441 1389 1513 litteras
1406 1463 1517 1534 usque
1539 1440 1586 1513 ad
1612 1441 1806 1537 proximam
1829 1441 1982 1514 domini-

570 1576 647 1628 cam
665 1556 824 1631 instantis
843 1561 1108 1657 quadragesime
1128 1565 1379 1655 transmittatis,
1401 1587 1462 1659 per
1484 1587 1626 1638 manum
1642 1565 1818 1660 publicam
1840 1567 1982 1660 scriptas

570 1688 605 1752 et
621 1681 728 1752 vestri
746 1703 788 1756 ac
802 1685 924 1778 prefati
940 1687 1147 1761 marchionis
1170 1697 1205 1760 et
1227 1689 1459 1782 quarumlibet
1475 1689 1653 1762 civitatum
1668 1689 1714 1764 de
1730 1690 1805 1784 ipsa
1822 1691 1982 1766 societms

570 1803 761 1898 sigillorum
779 1810 992 1902 appensione
1006 1812 1170 1884 munitas.

619 1931 744 2002 Datum
760 1932 937 2026 Laterani,
966 1935 1066 2008 nonis
1076 1936 1243 2029 januarii,
1258 1935 1479 2032 pontificatus
1495 1937 1601 2010 nostri
1617 1957 1709 2010 anno
1722 1938 1768 2012 XI
1779 1935 1846 2034 (2).

793 2238 1633 2254 mmm-unffi
1640 2243 1761 2254 nunna—u-

623 2504 856 2613 FridericuS,
876 2507 1137 2592 Romanorum
1159 2509 1379 2620 imperator,
1404 2512 1589 2594 universis
1615 2513 1836 2619 comitibus,
1856 2513 1979 2597 baro-

570 2637 684 2720 nibus
698 2647 733 2721 et
747 2641 1083 2725 communitatibus
1101 2643 1348 2728 Romaniolae
1364 2647 1523 2728 mandat
1540 2657 1582 2728 ut
1600 2648 1651 2730 ed
1666 2649 1977 2731 restaurationem

427 2823 430 2828 ,
569 2770 730 2854 civitatis
747 2773 889 2856 Imolae
906 2775 1065 2858 consilio
1083 2785 1120 2858 et
1132 2774 1265 2861 effectu
1283 2778 1356 2886 ipsi
1374 2779 1611 2863 contribuere
1628 2779 1803 2864 debeant.

647 2989 744 3064 (Edid.
757 2989 939 3052 Manzonrus
948 3035 957 3065 ,
973 2994 1078 3053 Hister.
1094 2995 1176 3072 episc.
1194 2991 1340 3070 lactem,
1355 3011 1386 3073 p.
1402 2993 1482 3074 177.)

615 3179 741 3250 Datum
755 3181 927 3272 Messene,
943 3181 1020 3252 Xili
1029 3182 1197 3274 januarii,
1213 3183 1275 3254 XV
1288 3181 1489 3256 indictione.

620 3777 820 3890 Encyelics
850 3779 1007 3862 Honorii
1038 3805 1158 3888 papae
1185 3806 1263 3889 qua
1293 3790 1427 3864 netum
1446 3781 1535 3864 iacit
1557 3806 1597 3864 se
1616 3780 1688 3864 sub
1705 3781 1805 3866 besti
1824 3783 1923 3866 Petri
1940 3796 1978 3868 et

567 3939 638 3997 suu
658 3913 891 4022 protectione
912 3912 1143 3994 Friderieum
1172 3912 1437 4022 imperatorem
1464 3925 1502 3996 et
1527 3913 1649 3996 filium
1671 3914 1753 4025 ejus
1777 3941 1867 3998 cum
1893 3916 1975 3997 im-

603 4205 640 4280 (t)
659 4205 785 4280 adjectae
798 4211 861 4262 sunt
873 4203 974 4263 etenim
985 4204 1012 4260 in
1024 4209 1131 4278 regesto
1141 4203 1278 4278 pontificio
1291 4203 1339 4275 (n¹·
1351 4205 1417 4274 tta,
1431 4205 1483 4262 ttt
1494 4207 1523 4261 ct
1531 4203 1618 4278 seqq.)
1631 4203 1734 4264 litterae
1747 4211 1820 4264 certa
1833 4207 1976 4266 verbmnm

566 4305 652 4364 iorma
664 4307 828 4378 conceptas,
848 4319 916 4376 quas
933 4302 1078 4362 Lonbardi
1096 4303 1131 4360 ad
1144 4303 1332 4376 imperatorem
1349 4301 1521 4375 vicissimque
1541 4302 1576 4360 ad
1597 4303 1672 4376 ipsos
1685 4303 1850 4376 Fridericus,
1870 4310 1928 4364 tuna
1939 4306 1975 4362 itti

567 4402 601 4462 ad
612 4402 767 4476 pontificem
781 4401 964 4458 transmissuri
977 4406 1084 4472 essent,
1100 4407 1132 4458 ut
1144 4416 1196 4474 pax
1210 4416 1280 4458 nexu
1291 4400 1379 4458 valido
1392 4399 1491 4458 firmari
1502 4405 1602 4474 posset.

604 4499 639 4574 (2)
656 4500 736 4557 Extat
755 4498 855 4557 ibidem
868 4499 920 4556 sub
933 4500 1005 4558 notis
1018 4497 1212 4573 chronologicis
1223 4500 1324 4556 eisdem
1337 4497 1419 4556 altera
1432 4497 1542 4558 lionorii
1557 4498 1591 4555 ad
1604 4497 1769 4555 Friderieum
1783 4499 1910 4573 epistola,
1924 4517 1975 4575 qua

567 4613 629 4654 eum
641 4601 717 4671 rogat
729 4603 760 4654 ut
768 4597 844 4670 juxta
857 4597 1018 4656 decisionem
1030 4613 1047 4654 a
1058 4613 1088 4656 se
1099 4595 1197 4656 iactam
1209 4597 1391 4656 marchionem
1402 4596 1591 4656 iimtisierrati
1602 4597 1630 4653 in
1641 4595 1753 4671 gratiam
1763 4597 1883 4671 recipiat.
1893 4598 1975 4658 iarden

568 4693 672 4769 epistol.
691 4694 720 4750 in
732 4694 838 4753 collect.
853 4697 967 4770 Lapurte
980 4695 1017 4752 du
1029 4695 1115 4753 Tbsil.
