4330 5914
532 582 594 646 670
1032 577 1242 640 FllleRlCl
1268 577 1443 640 sscbllbl
1753 579 1833 658 [Aru.
1852 577 1942 644 lma.

459 691 467 702 ¹
533 717 727 791 catiouibus
750 713 886 788 abbatis
910 712 1054 808 predicti
1078 713 1264 807 benignius
1289 713 1459 802 inclinati,
1489 712 1583 786 illius
1604 714 1731 788 intuitu
1753 735 1943 809 perquem

533 842 678 914 feliciter
693 839 844 912 vivimus
862 847 897 912 st
911 859 1113 932 regnamus,
1134 837 1180 911 ob
1196 837 1388 910 remedium
1406 837 1599 912 animarum
1616 846 1842 932 angustorum
1860 859 1940 932 pro·

532 967 729 1060 genitorum
751 971 965 1055 nostrorum,
994 963 1162 1058 scriptum
1186 970 1220 1036 et
1244 961 1465 1057 privilegium
1491 961 1689 1058 supradicta
1713 971 1749 1034 ct
1774 961 1943 1056 quioquid

532 1089 725 1163 continetur
748 1089 786 1159 in
813 1088 864 1160 eis
891 1087 1045 1182 predicto
1076 1086 1282 1160 monasterio
1309 1086 1346 1158 in
1373 1094 1579 1182 perpetuum
1603 1085 1860 1162 confirmamus.
1891 1089 1944 1160 De

532 1211 777 1288 abundantiori
794 1232 935 1306 quoque
953 1211 1062 1303 gratia
1079 1210 1294 1284 celsitudinis
1311 1218 1427 1284 nostre
1446 1211 1667 1284 oonoedimus
1684 1220 1725 1284 ot¹
1735 1210 1942 1284 mandamus

532 1347 572 1412 ut
583 1339 678 1410 nulla
687 1336 887 1432 prescriptio
897 1334 992 1434 [nisi]
1003 1343 1140 1408 centum
1152 1355 1455 1408 annorumnooere
1469 1334 1592 1409 debeat
1598 1335 1669 1429 juri
1680 1335 1876 1408 monasterii
1885 1357 1943 1407 su·

532 1461 691 1559 predicti.
712 1461 939 1534 Concodimus
957 1461 1060 1534 etiam
1077 1460 1195 1534 abbati
1208 1469 1243 1534 et
1256 1460 1441 1534 conventui
1457 1459 1613 1552 ejusdem
1628 1459 1823 1534 monasterii
1835 1459 1941 1552 juris·

531 1584 741 1678 dictionem,
774 1585 1013 1658 executionem
1043 1591 1077 1656 ct
1107 1583 1248 1656 liberam
1278 1584 1490 1656 coactionem
1520 1583 1647 1656 babere
1677 1583 1833 1654 civilium
1860 1603 1941 1655 cum

529 1703 730 1781 bominibus
761 1704 871 1800 ipsius
898 1704 1106 1778 monasterii.
1139 1703 1368 1778 Concedimus
1395 1704 1500 1778 ctiam
1526 1713 1567 1778 ut
1596 1703 1722 1778 habeat
1748 1726 1865 1800 sepem
1896 1703 1942 1778 dc

531 1831 686 1925 Pignauo
703 1831 741 1902 iu
759 1829 903 1904 flumine
925 1829 1093 1916 turiano,
1115 1829 1163 1902 ita
1183 1829 1288 1902 altam
1306 1849 1376 1924 quo
1393 1829 1502 1926 possit
1516 1828 1612 1902 omni
1633 1837 1787 1924 temporo
1806 1829 1942 1902 molon-

532 1955 655 2029 dinum
681 1953 829 2044 habero,
856 1952 1051 2026 secundum
1075 1951 1172 2045 quod
1197 1951 1407 2046 temporibus
1430 1951 1591 2026 divorum
1615 1961 1840 2044 augustorum
1864 1951 1942 2022 Fri·

511 2079 639 2154 'derici
657 2078 717 2152 avi
735 2087 769 2150 et
784 2076 921 2150 Henrici
939 2077 1043 2172 patris
1064 2076 1171 2150 nostri
1191 2074 1319 2150 babere
1335 2075 1532 2168 consucvit;
1554 2075 1650 2170 quod
1673 2075 1777 2148 etiam
1797 2095 1942 2148 monas-

531 2203 657 2278 terinm
679 2203 795 2298 ipsum
819 2201 926 2272 libera
944 2201 1051 2296 possit
1072 2198 1235 2274 edificare
1255 2200 1331 2274 sive
1349 2209 1545 2274 construere
1557 2199 1633 2272 sina
1649 2199 1788 2273 licentia
1805 2177 1941 2272 abbatis

532 2328 608 2400 sius
624 2333 814 2400 conventus
831 2323 954 2420 ipsius.
971 2325 1042 2398 Hoc
1059 2334 1175 2398 autom
1192 2324 1307 2398 omnia
1324 2323 1479 2420 predicto
1496 2325 1702 2397 monasterio
1717 2321 1941 2396 concedimus

532 2462 567 2526 et
588 2448 849 2540 confirmamus,
868 2449 965 2520 salva
980 2448 1016 2519 in
1031 2448 1194 2520 omuibus
1209 2447 1377 2544 imperiali
1391 2447 1524 2541 justitia
1542 2456 1577 2522 ot
1596 2447 1764 2541 dignitate
1786 2447 1942 2520 similiter

531 2576 726 2650 ethonore.
751 2571 957 2646 Mandamus
974 2571 1081 2664 igitur
1097 2579 1133 2644 et
1153 2571 1351 2646 inhibemus
1367 2571 1509 2646 firmiter
1525 2581 1565 2644 ut
1586 2572 1682 2645 nulla
1702 2591 1848 2667 persona
1872 2571 1941 2644 alta

530 2701 587 2774 vel
609 2697 766 2787 humilis,
787 2695 1017 2770 ecclesiastica
1042 2695 1099 2769 vel
1121 2696 1302 2784 secularis,
1326 2705 1445 2770 contra
1466 2703 1658 2791 presentem
1686 2696 1939 2768 concessionem

530 2832 566 2898 et
596 2820 887 2896 confirmationem
919 2829 1068 2894 nostram
1101 2819 1347 2894 monasterium
1377 2819 1491 2916 ipsum
1523 2819 1692 2916 impedire
1723 2817 1852 2893 audeat
1883 2820 1940 2892 vel

530 2971 672 3024 vexare.
694 2947 795 3034 Quod
815 2947 877 3042 qui
899 2947 1144 3043 presumpserit
1165 2945 1437 3038 indignationum
1458 2955 1609 3020 nostram
1629 2955 1665 3020 et
1684 2967 1809 3042 penam
1831 2946 1941 3040 qnin-

530 3075 696 3171 quaginta
709 3073 875 3146 librarum
890 3071 967 3145 auri
985 3092 1022 3144 se
1039 3071 1173 3145 noverit
1186 3071 1421 3164 incursurum,
1437 3070 1657 3146 medietatam
1672 3091 1807 3144 camere
1825 3080 1941 3144 nostre

529 3208 565 3274 et
587 3197 755 3291 reliquam
773 3195 883 3290 passis
906 3194 1065 3286 injuriam
1091 3195 1351 3268 exsolvendam.
1381 3194 1437 3269 Ad
1460 3195 1565 3290 hujus
1580 3203 1695 3271 autem
1710 3195 1940 3270 concessionis

528 3335 564 3398 et
589 3319 858 3396 confirmationis
884 3319 990 3392 robur
1020 3327 1187 3416 perpetuo
1215 3319 1424 3410 valiturum,
1453 3341 1596 3417 presens
1619 3320 1837 3416 privilegium
1864 3319 1938 3394 ficri

525 3449 692 3545 jussimus
711 3445 923 3520 celsitudinis
940 3453 1055 3519 nostra
1071 3446 1184 3539 sigillo
1201 3445 1386 3518 munitum.

577 3572 689 3663 Hujus
704 3591 787 3643 vero
799 3569 850 3644 rei
867 3577 971 3644 testes
987 3578 1068 3644 sunt
1081 3569 1200 3644 londo
1216 3570 1369 3663 Reginus
1384 3568 1662 3666 archiepiscopus
1676 3568 1822 3644 dilectus
1839 3569 1939 3644 lami·

528 3696 623 3770 liaris
650 3691 817 3794 [noster],
848 3693 1081 3786 Pistoriensis,
1111 3693 1352 3786 vulterranus,
1383 3693 1587 3782 blassensis,
1616 3693 1830 3768 Flomntinus
1855 3692 1938 3789 epi-

527 3819 624 3916 scopi
645 3817 712 3916 (l),
738 3819 841 3892 irater
863 3819 907 3890 H.
932 3817 1095 3912 magister
1112 3815 1238 3890 domus
1252 3815 1515 3890 'santonicorum
1535 3817 1572 3889 iu
1593 3817 1801 3909 Jerusalem,
1827 3815 1938 3910 uagi-

526 3943 653 4018 naldus
681 3943 757 4018 dux
782 3941 910 4038 Spoleti
938 3941 1061 4018 Tuscis
1087 3943 1241 4038 legatus,
1269 3963 1385 4016 comes
1406 3941 1565 4015 siffridus
1587 3939 1633 4016 de
1661 3941 1795 4016 Vienna
1818 3947 1854 4014 et
1878 3939 1937 4013 alii

524 4069 750 4164 quamplures
772 4065 892 4142 fideles
917 4065 1037 4142 nostri.

563 4507 600 4584 (l)
615 4505 769 4565 Pistoriensi
781 4507 908 4581 episcopo
926 4523 1024 4567 noman
1045 4513 1103 4565 orat
1122 4505 1283 4579 Grottodeo,
1297 4511 1329 4564 ut
1347 4513 1439 4566 monet
1456 4505 1576 4579 Lamius;
1595 4505 1778 4577 Volaterrano,
1792 4505 1933 4578 capram

525 4605 688 4676 Florentino,
702 4605 851 4676 ladonam
865 4605 1008 4664 Masscnsis
1018 4621 1082 4664 vero
1096 4605 1157 4680 quis
1166 4605 1220 4663 boc
1232 4620 1302 4663 anno
1312 4604 1408 4676 luerit,
1419 4604 1464 4662 rix
1476 4603 1606 4678 suspicari
1614 4604 1691 4675 liost,
1703 4618 1787 4677 quum
1798 4601 1933 4676 ignoratn

529 4719 564 4761 an
575 4703 735 4762 Moraoccos
749 4701 795 4775 qui
807 4717 876 4760 anno
890 4704 959 4760 twa
973 4701 1075 4760 clectus
1089 4707 1149 4774 est,
1162 4717 1249 4776 usquo
1261 4701 1296 4760 ad
1309 4701 1377 4760 baso
1388 4707 1511 4776 tempora
1523 4699 1685 4776 pervenerit.
