4324 5916
203 607 300 672 lunum.
320 605 379 692 la]
651 607 846 669 fllsroala
873 605 1163 668 nlrnomarlca.
1548 597 1609 661 863

204 741 434 852 protectione
451 738 627 850 suscipit,
642 738 778 824 iratres
793 739 963 852 ejusdem
982 739 1164 824 advocato
1182 746 1219 822 et
1235 734 1491 848 burgensibus
1510 733 1611 820 Gus-

203 875 320 958 laniae
336 873 578 958 commendat
594 872 758 984 benigne
782 875 1000 958 tractandos
1017 884 1055 959 et
1072 901 1095 958 a
1111 871 1285 958 civilibus
1307 867 1487 955 oneribus
1518 867 1607 952 exi-

203 1009 382 1114 mendos,
406 1006 570 1118 illosque
591 1007 782 1092 immunes
803 1009 908 1092 omni
933 1007 1076 1092 tributo
1100 1005 1309 1118 specialiter
1335 1000 1609 1118 apudGosla-

203 1141 301 1224 riam
318 1140 530 1225 denuntiat.

287 1355 450 1436 (Memorat.
467 1372 516 1433 op.
530 1355 694 1430 nomm,
707 1354 819 1438 mque.
831 1354 948 1436 anper„
961 1372 993 1434 p.
1007 1363 1077 1431 att,
1091 1363 1123 1416 n⁸
1137 1363 1188 1430 ot,
1199 1371 1237 1416 ex
1250 1353 1385 1434 ortgtnnll
1398 1351 1479 1432 apud
1491 1351 1611 1414 Hunno·

324 1465 436 1524 vedum
449 1468 613 1538 meato,
627 1466 714 1542 culos
724 1463 924 1526 Bathmnnus
936 1463 992 1542 lpst
1005 1463 1121 1541 coptam
1132 1460 1226 1541 lectt.)

254 1653 379 1725 Datum
394 1651 514 1744 Halia,
532 1651 609 1724 Xlll
622 1650 788 1726 kalendas
804 1650 1009 1743 decembrio,
1030 1647 1217 1724 indictione
1235 1649 1325 1722 xlv.

260 2228 474 2337 Macrum,
498 2229 530 2310 V
552 2227 639 2312 idus
665 2227 900 2332 novembris,
926 2227 1137 2312 Fridericus
1164 2227 1368 2336 imperator
1394 2225 1546 2335 nuptias
1573 2225 1612 2308 in
1651 2242 1802 2352 „³3ng

207 2363 347 2474 Apulia
364 2363 584 2471 celebrarit3
603 2363 713 2472 cnjus
730 2362 831 2446 lilius
844 2372 976 2472 postca
987 2363 1027 2444 in
1041 2372 1174 2446 octava
1186 2361 1287 2446 beati
1299 2361 1449 2446 Martini
1463 2361 1614 2470 nuptias
1669 2355 1789 2450 elffii.

206 2495 408 2582 celebravit
428 2496 665 2582 Nuruberoh.
686 2500 819 2579 louet.
837 2495 1060 2603 Solestlero.
1077 2503 1184 2580 MSS.
1201 2523 1265 2606 op.
1285 2495 1517 2580 Moooclium
1534 2495 1611 2608 (l).

205 2679 262 2694 -
278 2630 591 2738 Rexllainrious,
611 2630 690 2714 filia
706 2631 863 2715 Bohemi
882 2631 994 2741 [regis
1012 2657 1131 2741 quam
1149 2632 1453 2740 desponsaverat]
1468 2657 1613 2714 secun-

205 2765 302 2847 dum
321 2774 461 2850 statuta
477 2765 573 2877 legis
589 2766 787 2875 repudiata
804 2792 872 2875 per
886 2765 1206 2874 dispensationem
1222 2763 1367 2848 domini
1386 2763 1613 2873 apostolici,

207 2899 349 2983 saniori
365 2900 579 3011 principum
596 2927 690 2984 usus
709 2900 885 3006 consilio,
903 2925 992 2982 cum
1018 2899 1097 2982 filia
1123 2898 1231 2982 ducis
1258 2897 1433 2981 lustriae
1450 2897 1616 3007 legitime

207 3032 281 3115 sibi
299 3033 473 3143 copulata
490 3033 643 3143 nuptias
660 3033 701 3114 in
719 3031 824 3117 omni
842 3031 1015 3116 libertate
1036 3027 1249 3115 celebrauit.
1272 3038 1456 3114 Gursteos.
1476 3031 1610 3116 aaron.

208 3192 272 3277 ap.
292 3167 435 3274 Rauen,
457 3167 662 3280 scriptor„
684 3177 714 3250 t.
735 3167 774 3273 1,
794 3193 834 3276 p.
854 3167 921 3247 29.
942 3214 996 3228 —
1012 3165 1228 3274 Heinricus,
1248 3192 1315 3248 rex
1335 3165 1614 3274 Romanorum,

207 3299 311 3384 filius
328 3299 505 3384 Friderioi
523 3299 778 3410 imperatoris,
803 3299 913 3384 duxit
929 3301 968 3381 in
987 3325 1144 3382 uxorem
1161 3297 1282 3382 filiam
1296 3299 1405 3382 ducis
1423 3298 1611 3382 lustriae.

208 3433 406 3518 Heinrious
423 3434 526 3519 filius
539 3435 648 3519 ducis
665 3433 840 3518 dustriae
866 3433 976 3517 duxit
1001 3433 1041 3515 in
1059 3459 1218 3517 uxorem
1241 3459 1410 3518 sororem
1432 3432 1617 3546 langravii

208 3567 431 3680 Duringiae.
443 3568 550 3654 Multi
567 3569 606 3650 in
624 3569 707 3679 ipsa
725 3567 961 3652 solemnitate
977 3594 1068 3678 prae
1084 3567 1328 3652 multitudine
1349 3567 1519 3676 oppressi
1545 3593 1618 3678 pe-

209 3701 356 3786 rierunt
379 3704 481 3815 apud
506 3702 766 3790 Nurenberch.
799 3703 969 3787 Gtrooio.
996 3703 1273 3787 claustroneob.
1303 3728 1365 3811 ap.
1395 3702 1488 3808 Par,
1516 3711 1547 3784 t.
1579 3703 1616 3808 1,

210 3863 252 3946 p.
269 3839 362 3918 loa.
381 3837 439 3920 Cf.
456 3837 647 3922 Hanunuu.
665 3837 806 3920 Annua.
824 3863 886 3947 ap.
903 3837 1096 3941 Boanum,
1113 3844 1256 3936 Fontes,
1274 3835 1327 3942 ll,
1344 3835 1440 3943 lou,
1455 3837 1505 3920 ad
1523 3862 1613 3918 ann.

215 3972 333 4060 1225.
348 4015 404 4034 -
417 3972 528 4056 Coun.
546 3972 670 4054 Suam.
687 3997 751 4082 ap.
767 3971 858 4079 Pan,
878 3970 914 4078 l,
933 3973 1027 4054 452.
1039 3969 1201 4054 -llict
1222 3969 1396 4080 imperat.
1418 3996 1481 4080 ap.
1496 3970 1618 4056 llnuc-

212 4131 304 4211 ruu,
323 4103 392 4209 lll,
416 4107 506 4190 125.

216 4337 1617 4351 fl--ffl—*n—-ssu——u—

251 4473 287 4549 tt)
303 4473 400 4532 Nullibi
422 4476 480 4534 dies
498 4477 652 4550 nuptiarum
669 4475 777 4536 ueniet
794 4491 920 4550 expresse
939 4481 1046 4535 notatur
1064 4475 1116 4534 nisi
1139 4477 1167 4534 in
1186 4476 1228 4534 hia
1250 4475 1389 4534 annalibus
1407 4475 1529 4546 ineditis,
1549 4492 1617 4551 quoa

214 4572 292 4630 nobis
305 4571 431 4630 indicavit
443 4573 614 4632 Boehmerus.
629 4571 719 4644 Quum
734 4579 825 4632 tamen
838 4578 963 4631 octavum
980 4572 1115 4630 decimum
1135 4573 1207 4630 diem
1229 4572 1383 4630 novembris
1396 4579 1489 4631 auctor
1504 4573 1617 4646 relocat,

215 4670 350 4744 paululum
365 4677 483 4746 temporo
500 4689 557 4730 rem
574 4672 733 4730 antecedere
749 4671 864 4741 videtur,
878 4671 901 4729 si
921 4671 988 4728 fides
1004 4669 1175 4746 praecedenti
1196 4670 1358 4729 documento
1371 4669 1544 4743 adhibeatur;
1565 4689 1617 4748 quo

215 4769 395 4842 comperimus
405 4785 497 4844 rogam
507 4769 558 4829 isto
571 4770 614 4827 dia
627 4770 714 4828 adhuc
725 4769 796 4827 circa
808 4768 900 4827 licum
910 4767 1057 4825 Suavorann
1070 4767 1152 4826 lunae
1164 4774 1310 4826 ramatum.
1617 4762 1619 4766 ’
