4324 5912
727 536 855 596 INDEX
879 536 1226 602 nocuuhuronutt.
1611 543 1685 605 1011

285 739 396 816 1225

270 867 406 945 idacii)
448 866 610 946 Herbtpoii.
654 899 695 912 -
713 866 830 928 Fratres
843 869 881 930 de
894 868 1053 930 Schbnthai
1066 871 1105 932 ab
1117 875 1199 933 omni
1211 875 1363 934 exactione
1378 873 1549 934 officialium
1563 890 1685 935 suorum

694 967 813 1038 eximit,
830 967 874 1025 tta
893 972 927 1026 ut
945 983 977 1026 se
996 969 1061 1044 ipso
1078 970 1126 1030 vei
1146 971 1248 1048 regina
1268 973 1394 1049 conjuge
1411 987 1465 1031 aua
1484 971 1563 1047 apud
1582 973 1685 1032 Wim-

694 1063 796 1138 pinam
806 1070 1005 1124 commorante
1015 1081 1070 1127 uec
1080 1069 1149 1143 equi
1162 1069 1193 1127 in
1212 1083 1313 1128 eorum
1329 1069 1417 1128 curiis
1433 1067 1617 1144 hospitentur
1629 1085 1685 1128 uec

268 1130 407 1252 Q
694 1157 862 1219 heresturee
876 1159 1063 1241 (heerstauer)
1079 1163 1118 1223 ab
1130 1165 1173 1224 eis
1186 1166 1352 1243 exigantur.
1626 1173 1683 1225 867

268 1269 307 1320 20
329 1261 404 1321 febr.
487 1255 577 1334 Apud
654 1285 695 1300 -
714 1255 823 1316 Ratam
835 1257 926 1318 habet
938 1275 1040 1335 pacem
1059 1262 1225 1322 ordinatam
1238 1280 1291 1340 per
1306 1262 1475 1324 Conradnm
1490 1263 1685 1324 Portuensem

429 1336 638 1400 Ffflfflfffl·
694 1360 724 1414 et
736 1353 861 1414 Sancme
876 1356 1001 1417 Rudnae
1012 1360 1386 1437 ephcopum‚hpostottcae
1394 1359 1479 1420 Sedis
1488 1361 1684 1438 legatumne-

695 1457 740 1510 ter
754 1452 892 1512 Ottouem
905 1455 1074 1531 episcopum
1083 1455 1324 1532 Uitrajectensem
1335 1462 1364 1516 et
1374 1456 1536 1517 Gerardum
1546 1459 1685 1517 comitem

695 1546 878 1620 Geireueem,
894 1550 1048 1628 eidemque
1068 1555 1204 1629 episcopo
1222 1553 1407 1614 advocatiam
1425 1553 1592 1614 Saiieudiae
1609 1570 1685 1614 con-

694 1645 761 1718 iert,
776 1663 867 1723 quam
880 1646 1029 1710 Gerendus
1041 1651 1126 1710 mites
1140 1651 1177 1710 de
1190 1650 1334 1710 Buchorst
1344 1650 1449 1711 habuit
1461 1657 1491 1712 et
1504 1667 1601 1712 comes
1612 1652 1684 1712 Gei-

694 1745 786 1804 reneis
798 1749 865 1820 post
878 1747 1057 1821 emptionem
1070 1747 1127 1807 sibi
1141 1749 1311 1824 resignavit.
1625 1759 1684 1810 eto

268 1845 304 1898 21
329 1836 401 1900 icbr.
490 1834 579 1908 Apud
656 1873 695 1886 -
715 1841 877 1903 Confirmat
896 1847 1143 1922 sententiamque
1163 1845 1682 1922 ConradusPortuensieepiseopus,

429 1914 638 1976 Ffflkenfffl·
694 1937 879 2016 Apostolicae
892 1940 974 2001 Sedis
996 1941 1124 2019 legatus,
1141 1941 1242 2001 abbati
1265 1947 1295 2000 et
1317 1945 1475 2002 conventui
1489 1943 1685 2004 Werdenensi

695 2035 881 2097 confirmavit
893 2037 1061 2110 aduocatias
1074 2040 1206 2116 quinque
1219 2041 1358 2110 curtium,
1371 2039 1482 2099 scilicet
1492 2039 1685 2116 Ludiughau-

694 2151 759 2208 seu,
769 2135 899 2208 Eichoiz,
911 2135 1126 2209 Nordkirchen,
1137 2137 1264 2198 Sciheim
1277 2143 1307 2196 ct
1316 2137 1438 2208 werne,
1448 2152 1523 2214 quas
1535 2136 1572 2196 de
1581 2153 1684 2197 eorum

694 2233 816 2292 ecclesia
832 2235 942 2310 impius
959 2233 1126 2294 Frtdertous
1143 2234 1294 2310 quondam
1312 2249 1409 2294 comes
1422 2233 1459 2293 de
1478 2233 1621 2310 isenburg
1634 2241 1685 2294 te—

694 2329 784 2390 nebat
796 2331 828 2389 in
846 2329 933 2390 trodo
946 2336 977 2391 et
993 2347 1072 2408 quae
1085 2347 1138 2408 per
1153 2332 1329 2392 seutentiam
1348 2329 1467 2390 fucrant
1483 2331 1522 2390 ad
1539 2332 1618 2407 ipsos
1635 2347 1683 2390 re·

695 2443 807 2487 versae.
1627 2437 1683 2490 871

268 2526 405 2583 tomam.
445 2519 620 2597 Hagncuau.
656 2555 695 2569 -
716 2523 896 2585 Gocuobium
909 2525 1015 2586 Beatae
1030 2527 1143 2586 Martae
1159 2528 1191 2586 in
1203 2525 1410 2604 ittinigshruck
1423 2543 1441 2586 a
1454 2527 1688 2605 progenitoribus

697 2625 759 2683 suia
772 2621 929 2683 iaudatum
945 2626 977 2684 in
991 2639 1046 2684 sua
1059 2627 1240 2700 protectione
1252 2627 1372 2700 recipit,
1387 2641 1457 2684 cam
1470 2625 1607 2685 omnihus
1620 2641 1688 2702 per·

695 2721 827 2782 dandis
841 2737 965 2798 quarum
979 2721 1123 2797 quaedam
1138 2721 1247 2780 ibidem
1262 2723 1480 2797 exprimuntur.
1629 2731 1687 2782 att

270 2810 304 2862 et
317 2810 405 2865 mart.
421 2811 641 2891 hpitiberahe
657 2849 696 2863 -
717 2819 893 2879 Monasberio
907 2821 939 2878 in
953 2820 1147 2896 Wciugarten
1160 2819 1347 2896 privilegium
1358 2825 1480 2878 renovat
1492 2819 1605 2895 dejure
1619 2835 1688 2878 eeu·

696 2918 823 2978 auaitum
842 2923 872 2978 et
891 2917 929 2978 de
948 2919 1105 2977 novalibus
1125 2919 1157 2977 iu
1178 2918 1263 2995 sylva
1283 2916 1445 2976 Aitorieusi
1464 2917 1608 2990 excultis,
1631 2915 1687 2977 hoc

695 3016 807 3076 addens
820 3015 902 3093 quod
919 3016 1020 3076 nutius
1039 3015 1211 3075 colonorum
1230 3017 1323 3092 ipsius
1345 3017 1515 3074 monasterii
1537 3031 1635 3074 aream
1655 3017 1688 3075 in

695 3113 846 3174 Aitori’rei
854 3111 1086 3191 iuheveusbnrg
1091 3116 1159 3190 jure
1168 3112 1223 3172 fori
1233 3112 1381 3189 possidere
1390 3111 1498 3172 valeat.
1522 3119 1685 3173 aiietaie

268 3201 305 3254 ²²
320 3194 406 3272 fliifl·
485 3203 576 3300 Apud
657 3239 699 3254 -
716 3208 841 3270 Mandat
853 3225 892 3268 ne
905 3211 972 3287 quis
985 3210 1157 3286 haeredum,
1169 3225 1371 3270 successorum
1385 3215 1437 3269 aut
1451 3211 1687 3286 consanguineo-

451 3284 617 3347 Binum·
696 3323 764 3368 rum
778 3309 894 3369 Ottoais
907 3309 945 3368 de
959 3307 1068 3369 Sancto
1080 3308 1239 3368 Martinoa
1256 3313 1338 3384 patre
1356 3324 1410 3368 suo
1425 3309 1581 3385 proscripti
1594 3308 1687 3369 abba·

696 3407 798 3466 dseam
816 3412 846 3466 et
859 3407 1011 3466 ecclesiam
1027 3403 1324 3482 Sonuenhurgensem
1341 3406 1374 3464 iu
1392 3403 1478 3465 bonis
1495 3404 1533 3464 de
1549 3407 1617 3482 jure
1632 3421 1687 3466 va·

697 3501 832 3563 mutibus
844 3503 984 3580 impedire
997 3519 1050 3562 seu
1062 3501 1219 3562 molestare
1231 3499 1348 3560 audeat.
1512 3509 1569 3561 att
1585 3508 1615 3562 et
1629 3510 1687 3562 stt

273 3587 405 3662 ΗΜ·
487 3589 577 3666 Apud
657 3629 696 3643 -
715 3599 826 3659 Notum
847 3598 919 3659 iacit
945 3615 977 3659 se
1001 3598 1285 3659 confoederationem
1312 3597 1414 3657 iniisse
1441 3613 1510 3658 cum
1536 3598 1689 3660 Ludovico

441 3670 627 3734 Tffflffltum·
696 3696 837 3756 Frenetes
853 3711 941 3774 regc;
960 3711 1036 3772 quac
1056 3695 1175 3772 quidem
1195 3711 1233 3754 ex
1251 3693 1436 3771 praecedenti
1456 3700 1582 3756 tractatu
1597 3697 1688 3772 patrie

695 3796 757 3864 sui,
777 3794 875 3854 verbis
888 3799 1084 3870 competenter
1097 3795 1234 3870 mutetis,
1249 3794 1419 3852 innovatur.
1629 3803 1666 3852 87
1670 3801 1687 3853 5

271 3880 406 3955 iilunli·
486 3882 576 3959 Apud
660 3919 696 3932 -
716 3887 766 3948 rid
787 3890 958 3964 petitionem
978 3895 1008 3949 et
1027 3903 1178 3948 assensum
1201 3887 1352 3948 Godairidi
1375 3887 1592 3948 Cameracensis
1619 3891 1689 3964 ept-

442 3963 630 4024 Tfflfflmffl·
695 3988 795 4064 scopi,
819 3988 993 4046 seutentiam
1020 3987 1216 4046 damnationis
1240 3963 1341 4044 contra
1364 3988 1443 4044 cives
1467 3983 1690 4046 Cameraceuses

695 4090 814 4161 propter
836 4099 939 4143 eorum
963 4085 1179 4143 contumaciam
1204 4081 1400 4141 differendam
1426 4097 1491 4141 esse
1513 4080 1687 4153 denuntiat,

696 4180 778 4240 salvo
791 4180 872 4257 quod
885 4180 1001 4239 natium
1015 4178 1084 4238 inde
1097 4177 1311 4255 praejudicium
1323 4179 1461 4254 episcopo
1471 4179 1604 4256 generari
1618 4194 1688 4255 poe-

695 4280 746 4352 eit‚
762 4295 830 4338 cum
851 4279 995 4337 sententia
1008 4278 1048 4336 sit
1064 4275 1256 4336 immutabilis
1268 4281 1298 4335 et
1311 4276 1447 4359 episcopo
1464 4277 1497 4335 tn
1513 4291 1624 4336 anuum
1640 4275 1688 4337 vei

696 4378 783 4436 clitus
796 4375 929 4452 ejusdem
943 4373 1209 4450 pronuntiationem
1224 4378 1321 4450 petere
1334 4372 1431 4433 liceat.
1628 4381 1687 4433 eto

283 4479 397 4550 ttaug.
431 4469 490 4547 Ap.
505 4471 634 4533 iiimam.
656 4505 697 4518 -
716 4473 764 4532 hd
782 4475 978 4532 imitationem
998 4473 1090 4548 patris
1107 4473 1169 4540 aui,
1186 4471 1356 4531 Hermanno
1375 4471 1516 4548 magistro
1535 4469 1690 4548 hospitatis

696 4569 821 4630 Sanctae
839 4567 952 4629 hieriae
964 4570 1214 4629 Theutouicornm
1234 4573 1265 4626 et
1282 4565 1424 4628 trabibus
1440 4570 1505 4644 eius
1516 4570 1567 4643 Jua
1587 4577 1689 4647 petro-

695 4673 783 4728 natus
797 4673 826 4728 et
843 4667 985 4745 quicquid
1001 4667 1080 4746 juris
1095 4668 1128 4726 tu
1145 4665 1210 4727 ioco
1226 4666 1334 4726 itunitu
1351 4667 1442 4743 Juxta
1461 4666 1589 4727 Beruum
1606 4675 1637 4730 et
1656 4669 1690 4730 ln
