4466 5914
528 537 591 600 ott
1034 546 1248 610 intonaret
1274 548 1447 611 sactJttot
1756 548 1837 628 [llus.
1856 551 1941 613 Μ.

534 676 740 774 imperatore
762 679 929 754 baberent
951 692 1012 756 aut
1031 683 1077 757 ab
1100 685 1177 760 aliis
1202 686 1469 784 imperatoribus
1493 683 1794 782 predecessoribus
1820 689 1945 762 nostris

533 825 595 876 seu
612 825 633 876 a
648 804 748 879 nobis
765 815 895 897 tenent,
916 807 1046 882 habent
1062 833 1125 883 sen
1143 811 1335 907 possident,
1352 819 1549 903 tenuerunt,
1566 809 1762 882 babuerunt
1776 833 1837 884 scu
1856 834 1943 908 poa-

534 927 716 1018 eederunt,
741 952 875 1004 necnon
895 933 931 1004 in
956 935 1033 1007 aliis
1053 935 1327 1010 animadvertere
1353 945 1471 1010 contra
1487 957 1567 1028 eos,
1590 957 1637 1008 ex
1656 937 1830 1008 communi
1857 936 1943 1011 dcli·

533 1052 711 1128 beratione
737 1066 773 1128 et
796 1058 842 1130 ab
865 1059 1056 1155 approbato
1081 1063 1223 1135 consilio
1242 1084 1305 1136 nos
1325 1061 1364 1135 id
1386 1061 1514 1136 debore
1538 1083 1580 1134 ac
1605 1083 1704 1156 posse
1729 1063 1942 1138 concorditer

532 1179 778 1276 providerunt,
805 1183 896 1255 sicut
919 1185 1130 1260 memorialia
1154 1209 1274 1260 eorum
1300 1187 1428 1284 scripta
1453 1186 1588 1260 consilii
1615 1185 1846 1260 manifestant.
1872 1187 1941 1262 Sed

531 1307 698 1402 patientia
713 1315 830 1383 nostra
849 1331 919 1382 non
937 1311 1067 1385 destitit
1081 1312 1167 1406 quin
1188 1312 1235 1386 ad
1253 1333 1373 1385 eornm
1390 1313 1650 1386 conversionem
1666 1321 1781 1386 nostra
1798 1311 1940 1388 intentio

530 1435 693 1508 libentius
707 1443 910 1510 verteretur.
933 1423 1156 1510 Permisimus
1171 1437 1265 1510 enim
1283 1437 1478 1534 predictum
1491 1437 1726 1512 venerabilem
1740 1437 1939 1534 episcopum

531 1560 767 1650 Portuensem,
791 1559 988 1656 Apostolice
1009 1561 1109 1635 Sedis
1124 1563 1295 1658 legatum,
1315 1563 1499 1636 convenire
1518 1585 1599 1635 cum
1621 1563 1830 1656 rectoribus,
1856 1562 1939 1658 quin

531 1685 647 1783 potius
666 1686 903 1782 provisoribus
923 1687 1144 1774 eorumdem,
1166 1688 1228 1781 qui
1249 1711 1329 1760 cum
1352 1687 1448 1784 apud
1471 1688 1591 1760 villam
1612 1687 1777 1760 Mercarie
1798 1689 1939 1760 lormam

530 1811 717 1909 qnamdam
735 1811 831 1908 pacis
848 1812 1044 1884 invenirent
1062 1822 1097 1884 ct
1119 1811 1165 1884 de
1188 1813 1363 1884 communi
1386 1835 1529 1885 assensu
1550 1813 1728 1884 civitatum
1746 1812 1938 1904 conjurata·

528 1959 605 2009 rum
623 1937 784 2010 existeret
797 1937 986 2032 approbata
997 1937 1058 2030 [et]
1071 1937 1210 2009 redacta
1225 1938 1260 2008 in
1277 1938 1424 2033 scriptis,
1436 1959 1498 2033 per
1508 1936 1741 2010 venerabilem
1755 1935 1938 2010 Mediolani

531 2063 846 2158 archiepiscopum,
870 2063 1097 2135 Mantuanum
1126 2073 1161 2134 et
1181 2063 1398 2136 Brixiensem
1427 2065 1624 2159 episcopos,
1651 2062 1831 2135 dominnm
1858 2061 1939 2135 Ala·

530 2188 658 2259 trinum
684 2187 816 2260 domini
841 2209 928 2282 pape
953 2187 1207 2306 subdiaconum
1230 2196 1265 2260 et
1281 2189 1497 2284 capellanum
1520 2197 1556 2260 et
1578 2189 1716 2260 tratrem
1733 2186 1877 2260 Gualam
1894 2185 1939 2260 de

530 2314 651 2388 ordine
666 2313 936 2402 Prodicatornm,
950 2315 1076 2385 nostris
1088 2313 1226 2385 nunciis
1239 2313 1450 2386 obtulerunt.
1466 2313 1542 2399 Quo
1555 2335 1635 2386 cum
1649 2311 1750 2384 nobis
1761 2333 1938 2408 represen-

530 2448 600 2512 tata
617 2438 755 2529 luisset,
777 2458 840 2509 nos
857 2435 904 2508 ad
922 2437 1209 2533 supplicationem
1226 2445 1262 2510 et
1281 2437 1478 2510 instantiam
1498 2437 1719 2533 prelatorum,
1739 2435 1820 2508 licet
1835 2436 1937 2510 insta·

532 2571 610 2638 rent
626 2563 799 2660 principes
820 2584 867 2634 ex
887 2561 1035 2635 adverso
1058 2560 1154 2656 quod
1171 2583 1241 2634 non
1259 2561 1403 2634 deberet
1421 2562 1528 2658 recipi
1549 2561 1626 2634 talis
1644 2561 1751 2633 iorma
1767 2561 1939 2656 petitionis

530 2698 665 2762 tantum
686 2697 721 2762 et
741 2689 849 2760 iorma
874 2689 988 2762 oblate
1009 2689 1123 2784 pacis,
1145 2689 1234 2761 adeo
1259 2688 1435 2761 humiliter
1462 2688 1702 2782 acquievimus
1723 2695 1762 2758 ut
1784 2686 1939 2759 mirabile

529 2812 627 2886 lieret
642 2813 831 2904 universis,
852 2812 914 2906 qui
937 2811 1035 2883 illum
1051 2834 1156 2907 quem
1177 2813 1365 2908 imperialis
1388 2812 1554 2886 celsitudo
1571 2811 1771 2906 deposceret
1787 2809 1824 2882 in
1841 2809 1939 2882 nobis

529 2938 684 3012 animum
707 2958 776 3010 non
800 2937 972 3010 viderent.
1000 2936 1069 3010 Sed
1087 2959 1167 3010 cum
1192 2937 1286 3010 diem
1306 2939 1359 3010 eis
1380 2934 1624 3033 prefixerimns
1646 2943 1751 3029 atque
1768 2935 1882 3006 locum
1902 2933 1938 3004 in

530 3061 659 3158 quibus
676 3061 796 3134 venire
813 3059 992 3150 deberent,
1011 3083 1132 3157 pacem
1153 3083 1257 3156 quam
1276 3061 1372 3157 apud
1389 3062 1590 3135 Mercariam
1607 3061 1801 3133 obtulerant
1818 3057 1939 3153 imple-

534 3187 621 3277 turi,
643 3186 774 3259 nuntiis
789 3185 915 3257 nostris
932 3185 978 3258 ad
996 3207 1056 3258 eos
1071 3185 1296 3259 deducendos
1310 3187 1492 3278 euntibus,
1511 3185 1601 3257 sicut
1615 3184 1735 3258 venire
1752 3203 1815 3280 pro
1831 3181 1939 3278 pactis

531 3309 764 3406 adimplendis
787 3308 997 3402 debuerant,
1021 3329 1091 3382 non
1107 3318 1293 3402 venemnt;
1312 3309 1375 3383 sed
1402 3310 1577 3384 variantes
1599 3309 1812 3406 pmpositnm
1830 3317 1865 3380 et
1886 3307 1939 3380 al·

532 3437 680 3528 lectum,
701 3433 817 3530 potius
834 3432 980 3507 illudere
1003 3457 1109 3530 quam
1127 3437 1215 3508 vclle
1233 3435 1427 3509 satisfacere
1448 3434 1673 3518 videbantur,
1691 3435 1781 3506 sicut
1802 3432 1939 3528 singula

533 3557 602 3632 snb
619 3557 771 3652 sigillum
793 3567 828 3631 et
849 3558 1082 3632 testimonium
1104 3560 1311 3655 prelatorum
1333 3560 1394 3656 qni
1417 3559 1646 3632 interfuerunt
1661 3557 1813 3653 plenarie
1830 3556 1940 3630 conti·

531 3691 669 3755 nentur.
686 3683 737 3755 Ne
754 3681 860 3777 igitur
871 3683 1056 3758 lombardi
1070 3685 1315 3779 conjurationis
1329 3684 1485 3779 ejusdem
1502 3705 1606 3780 super
1624 3691 1718 3756 tanta
1731 3683 1865 3778 possint
1882 3683 1940 3754 in·-

532 3808 678 3882 solentia
693 3816 728 3880 et
741 3807 843 3882 illatis
856 3809 958 3884 nobis
972 3819 1007 3882 et
1019 3810 1173 3884 Romano
1188 3811 1334 3907 imperio
1345 3809 1480 3904 injuriis
1497 3809 1673 3901 insultare,
1693 3808 1751 3882 die
1766 3807 1876 3880 sabati
1891 3807 1939 3878 Xl

532 3931 701 4029 presentis
716 3933 845 4005 mensis
862 3934 958 4027 julii,
978 3935 1098 4030 Xlllll]
1119 3933 1323 4030 indictione,
1343 3935 1441 4032 apud
1458 3934 1609 4028 burgum
1627 3933 1743 4006 Sancti
1756 3931 1935 4022 Domnini,

532 4059 568 4131 in
587 4058 708 4154 majori
727 4057 890 4152 ecclesia,
918 4059 1063 4131 solemni
1085 4070 1120 4133 et
1146 4061 1297 4156 generali
1322 4060 1419 4134 curia
1438 4059 1689 4132 venerabilium
1711 4055 1939 4152 archiepisco·

532 4205 668 4280 porum,
685 4183 938 4280 episcoporum,
960 4184 1155 4282 principum
1173 4194 1207 4258 et
1222 4187 1368 4259 aliorum
1384 4194 1579 4258 nostrorum
1596 4203 1778 4280 procerum
1795 4201 1938 4275 congre-

532 4316 632 4400 gata,
658 4307 889 4381 residentibus
910 4309 1011 4382 nobis
1028 4319 1064 4380 et
1087 4309 1267 4384 assistente
1290 4309 1467 4382 nobiscum
1488 4307 1677 4382 venerabili
1696 4303 1939 4401 Hiemsolymi·

532 4440 613 4505 tanc
629 4431 810 4526 patriarca,
824 4443 983 4527 presente
997 4455 1138 4528 quoque
1151 4434 1320 4507 nobilium
1330 4433 1492 4528 judicum
1505 4433 1602 4506 curie
1612 4439 1727 4504 nostre
1738 4437 1773 4503 et
1784 4429 1937 4502 virorum

532 4555 753 4654 prudentium
770 4565 805 4629 et
816 4557 935 4652 populi
948 4558 1170 4632 multitudine
1185 4557 1333 4648 infinita,
1348 4558 1458 4632 littere
1471 4555 1677 4631 sanctissimi
1695 4553 1802 4651 patris
1814 4549 1938 4625 summi

530 4679 703 4778 pontificis
724 4703 829 4776 super
850 4680 1065 4777 delegatione
1082 4682 1175 4757 dicto
1197 4683 1469 4758 Hildensemcnsi
1487 4683 1649 4780 episcopo
1668 4687 1787 4753 contra
1802 4687 1938 4774 portur·
