4326 5910
215 589 316 650 iunior.
334 581 395 662 121
664 574 862 638 HISTORIA
886 573 1177 638 otrnoraarlca.
1574 575 1630 638 tet

216 731 331 798 nosue
360 714 548 793 donatione
575 721 610 786 et
636 711 854 806 indulgentia
882 715 1033 810 prefatas
1063 713 1342 788 sanctimoniales
1365 712 1547 788 molestare
1575 714 1633 788 vei

216 849 437 942 aliquatenus
453 836 581 914 audeat
604 836 785 932 impedire.
810 837 913 924 Quod
928 837 991 933 qui
1016 837 1135 914 iecerit
1159 846 1275 912 nosue
1301 837 1520 912 sublimitatis
1544 837 1630 910 iram

216 982 251 1046 et
268 965 542 1064 indignationem
565 983 604 1036 se
621 961 756 1036 noverit
778 961 1012 1036 incursurum.
1032 960 1089 1038 Ad
1109 963 1215 1055 hujus
1230 962 1337 1057 igitur
1352 970 1467 1036 nostre
1484 981 1633 1038 conces-

216 1095 325 1172 sionis
345 1113 407 1166 seu
425 1086 641 1180 indulgentie
664 1085 770 1160 robur
792 1087 830 1160 in
854 1097 1061 1184 perpetuum
1083 1087 1284 1175 valiturum,
1306 1107 1446 1184 presens
1462 1087 1629 1184 scriptum

216 1221 331 1318 sigilio
347 1223 465 1292 nostro
476 1213 646 1307 iussimus
666 1213 886 1288 communiri.
1186 1231 1189 1238 ’
1260 1231 1266 1240 ·

264 1349 391 1422 Datum
405 1339 501 1439 apud
518 1339 732 1435 Haganawa,
754 1340 784 1414 ii
801 1339 966 1416 kalendas
983 1337 1117 1428 marcii,
1140 1336 1329 1412 indictione
1342 1338 1418 1414 XII.

267 1907 475 2018 Henricus,
503 1909 765 1996 Romanorum
790 1933 877 2017 rex,
897 1907 1171 1992 monasterium
1198 1905 1384 1994 Omnium
1407 1905 1633 1990 Sanctorum

215 2040 255 2124 in
273 2041 553 2132 Schwaruwold
568 2071 593 2129 a
609 2046 707 2129 duce
723 2039 900 2128 Wclione
921 2053 959 2128 et
974 2068 1092 2128 uxore
1114 2067 1186 2126 sua
1207 2039 1304 2124 Utha
1321 2039 1526 2124 fundatum
1543 2065 1632 2125 oum

214 2177 387 2286 personis
404 2188 443 2262 et
458 2177 575 2264 rebus
592 2177 632 2260 in
651 2203 723 2262 sua
739 2177 972 2290 protectione
989 2175 1135 2288 recipit,
1152 2183 1191 2260 et
1203 2174 1327 2258 eidem
1348 2171 1549 2258 confirmat
1565 2173 1631 2286 jus

214 2317 438 2416 potionatus
455 2311 495 2394 in
514 2310 671 2396 ecclesia
697 2313 746 2396 de
768 2309 974 2419 Nasbach,
999 2308 1188 2421 hospitale
1210 2308 1439 2393 Sanctorum
1465 2307 1631 2394 Simonis

214 2451 252 2525 et
267 2441 387 2528 iudae
402 2453 517 2557 atque
534 2444 722 2556 hospitale
739 2445 966 2531 Sanctorum
982 2443 1112 2530 Jacobi
1130 2451 1168 2528 et
1184 2442 1368 2528 iohannis
1384 2443 1488 2554 apud
1505 2441 1626 2528 Urluf.

294 2659 425 2734 (EdIder.
437 2662 573 2736 huns,
587 2660 674 2722 Suco.
690 2655 854 2735 masura,
869 2677 901 2738 p.
917 2667 988 2732 6⁵6,
1003 2673 1073 2721 cum
1084 2674 1204 2721 emoneo
1218 2660 1367 2723 Friderico
1378 2660 1409 2721 ΙΙ
1421 2660 1630 2722 documentum

333 2766 456 2830 tribum.
468 2768 620 2846 -iiuao,
638 2763 709 2831 Ord
728 2765 906 2829 armona.
920 2763 1035 2844 cauci,
1049 2772 1123 2829 tom.
1139 2767 1181 2846 II,
1199 2766 1329 2844 probat,
1343 2784 1375 2844 p.
1389 2766 1468 2842 279.)

261 2952 432 3028 Henricns
449 2953 512 3027 Dei
530 2953 640 3050 gratia
653 2954 884 3028 Romanorum
899 2974 964 3026 rex
976 2963 1012 3028 et
1023 2974 1161 3050 semper
1178 2960 1359 3047 augustus.
1382 2950 1468 3026 Cum
1484 2953 1530 3028 de
1546 2954 1628 3049 pie-

212 3079 292 3154 tatis
311 3077 527 3153 abundantia
549 3077 673 3154 divum
698 3079 942 3176 imperatorum
965 3087 1001 3152 et
1023 3099 1147 3173 regum
1169 3078 1402 3152 Romanorum
1426 3077 1628 3152 excellentia

213 3203 361 3276 misse
380 3204 509 3277 seratur
531 3202 721 3298 originem,
741 3206 904 3298 majorem
930 3212 1046 3277 mmen
1065 3203 1182 3276 adhuc
1204 3204 1267 3276 Dei
1287 3215 1323 3277 et
1346 3201 1525 3276 hominum
1546 3225 1628 3277 cre-

213 3327 331 3404 dimus
343 3327 488 3425 adipisci
505 3329 658 3403 favonem
668 3329 871 3423 etgratiam,
882 3327 912 3400 si
923 3327 1078 3402 ecclesiis
1092 3336 1127 3401 et
1138 3327 1304 3426 precipue
1316 3328 1401 3402 iocis
1415 3327 1549 3404 devotis
1560 3327 1627 3404 hoc

212 3453 422 3530 conferimus
439 3453 536 3550 quod
561 3463 678 3528 nostra
702 3456 914 3552 protectione
934 3455 1047 3549 gavisi
1072 3454 1219 3528 Domino
1235 3455 1308 3528 Deo
1328 3453 1461 3550 possint
1487 3455 1628 3530 enixius

212 3579 383 3656 famulari.
402 3576 489 3654 Indo
505 3587 558 3653 est
575 3580 672 3675 quod
693 3601 758 3654 nos
780 3576 995 3654 attendentes
1018 3579 1256 3667 devotionem¹
1281 3577 1495 3653 honestatam
1522 3589 1628 3678 atque

211 3702 433 3800 prudentiam
446 3703 614 3777 Waitheri
629 3703 747 3777 diiecti
758 3704 923 3800 prepositi
941 3705 1048 3778 nostri
1061 3703 1107 3779 de
1122 3703 1329 3778 monasterio
1343 3704 1506 3777 Omnium
1520 3706 1627 3780 Sanc·

212 3835 340 3920 torum,
362 3826 459 3922 quod
478 3828 588 3901 felicis
608 3830 773 3903 memorie
791 3829 868 3904 dax
884 3830 996 3904 Welio
1012 3851 1093 3904 cum
1111 3851 1176 3904 sua
1192 3850 1304 3904 uxore
1320 3828 1409 3903 Utha
1429 3831 1570 3904 nomine
1590 3833 1626 3904 in

212 3951 476 4025 Schwarzwald
485 3953 732 4044 fundaverunt,
750 3953 795 4028 de
808 3955 881 4028 suis
892 3955 1160 4051 proprietatibus
1176 3975 1240 4051 pro
1251 3975 1315 4028 sue
1325 3974 1537 4049 suorumque
1552 3957 1627 4030 ani-

212 4097 349 4148 marum
369 4075 525 4152 remedio
545 4077 723 4170 dotantes,
748 4079 793 4152 de
811 4088 927 4152 nosue
948 4079 981 4152 ei
999 4077 1234 4152 munificentia
1252 4078 1477 4152 concedimus
1496 4087 1534 4151 ut
1549 4101 1627 4154 me-

213 4210 385 4276 moratum
402 4205 649 4278 monasterium
667 4223 748 4276 cum
766 4203 922 4299 personis
939 4213 974 4277 et
990 4204 1095 4276 rebus
1113 4204 1181 4276 sibi
1197 4198 1423 4278 attinentibus
1439 4203 1506 4276 sub
1521 4205 1627 4300 regati

212 4337 328 4404 nosue
349 4329 561 4426 protectione
577 4338 714 4403 maneat
733 4351 755 4404 a
772 4329 868 4402 nulio
884 4328 1021 4425 ponitus
1042 4327 1289 4402 infestandum.
1313 4329 1374 4402 tus
1393 4349 1534 4422 quoque
1558 4349 1629 4424 pa-

212 4463 368 4526 tronatus
386 4453 423 4524 in
441 4454 587 4528 ecclesia
609 4453 654 4527 de
671 4453 833 4527 Nusbach
854 4453 953 4554 [cum
972 4453 1154 4550 mancipiis
1173 4453 1354 4548 utriusque
1372 4473 1479 4526 sexus
1493 4461 1528 4526 et
1549 4451 1630 4527 dote

212 4577 405 4673 ceterisque
423 4579 525 4652 bonis
543 4578 589 4654 ad
608 4581 958 4676 conspectantibus,
982 4589 1016 4654 et
1029 4580 1199 4680 hospitale
1217 4580 1396 4653 beatorum
1409 4577 1579 4654 Simeonis
1598 4589 1632 4652 et

211 4701 319 4793 Jude,
344 4703 515 4801 hospitale
540 4727 680 4801 qnoque
709 4705 889 4780 beatorum
914 4707 1032 4780 iacobi
1063 4715 1098 4782 et
1123 4706 1288 4782 Iohannis
1314 4707 1417 4799 juxta
1444 4704 1632 4780 Uriossreim
