4324 5916
550 574 611 638 862
1071 573 1241 638 fltbttct
1266 579 1439 644 sennim
1771 583 1850 670 [Aer.
1869 587 1953 650 1225.

631 710 796 786 (Memorat.
810 717 840 772 et
853 717 929 770 extr.
946 725 995 789 ap.
1011 709 1044 772 C.
1058 711 1172 786 ianm,
1188 712 1347 779 saconia
1360 714 1412 777 der
1425 713 1514 780 ande
1526 713 1698 788 lieidrooo,
1714 725 1788 783 torn.
1803 724 1829 797 1,
1844 739 1876 800 p.
1892 724 1953 804 tt.)

598 870 722 946 Aetam
740 871 835 966 apud
852 870 1075 968 Wimpinam,
1096 873 1126 946 11
1143 873 1308 950 kalendas
1325 877 1536 970 novembris,
1556 877 1745 954 indictione
1759 881 1849 954 XIV.

800 1157 1144 1169 ..n—n——au-—Q
1158 1159 1718 1172 n-——ffl-u-u—-u

602 1403 689 1513 lpso
708 1429 830 1512 anno,
853 1403 919 1488 Vll
941 1403 1027 1489 idus
1050 1403 1286 1514 novembris,
1314 1405 1557 1519 Engilbertns
1582 1407 1807 1492 venerabilis
1834 1407 1951 1492 Colo-

549 1537 691 1621 'niensis
721 1537 899 1623 ecelesiae
930 1539 1256 1651 arehiepisoopns,
1285 1549 1394 1652 pater
1419 1549 1571 1626 nostrae
1600 1543 1746 1652 patriae
1773 1553 1812 1626 et
1841 1543 1953 1625 deone

550 1671 796 1782 Theutoniae,
811 1673 904 1758 hen!
923 1701 946 1758 a
963 1675 1100 1759 eomite
1117 1676 1166 1758 de
1183 1673 1362 1788 leenberg
1378 1685 1541 1788 cognato
1558 1675 1678 1788 ipsius
1695 1675 1955 1761 miserabiliter

549 1805 760 1890 trucidatur
778 1806 855 1920 (l).
874 1809 1032 1894 Genera.
1055 1809 1186 1892 Conon.
1208 1836 1271 1921 ap.
1292 1809 1501 1922 Bormiae,
1516 1818 1659 1910 Foetes,
1679 1820 1709 1894 t.
1731 1811 1783 1919 Π,
1802 1838 1843 1921 p.
1861 1811 1950 1893 557.

551 1988 605 2004 -
618 1941 840 2030 ludewicus
857 1945 937 2028 dux
953 1943 1215 2032 Bawariorum
1229 1953 1381 2028 curator
1393 1945 1494 2057 regis
1510 1943 1676 2030 Heinrioi
1693 1945 1732 2028 in
1750 1943 1865 2030 rebus
1878 1954 1953 2028 tam

550 2075 713 2186 propriis
736 2103 854 2187 quam
879 2077 1140 2188 imperialibus
1161 2079 1202 2162 in
1220 2078 1447 2164 Alamannia
1471 2078 1644 2164 efficitur.
1667 2079 1837 2164 Cirooie.
1860 2085 1952 2162 Urs-

547 2236 658 2320 perp.
675 2215 726 2292 od
744 2238 833 2293 ooo.

1340 2373 1741 2386 nnt———t—

606 2617 918 2729 [Arebiepisoopi]
953 2627 1076 2704 morte
1111 2619 1265 2727 rodim,
1302 2619 1501 2706 Heinrioue
1534 2645 1663 2706 onmes
1697 2621 1746 2704 de
1781 2620 1954 2706 Sonirinb

553 2751 782 2865 (Sohwerin)
800 2753 1029 2864 promissum
1046 2753 1087 2836 in
1102 2754 1357 2864 resignatione
1373 2755 1475 2868 regis
1492 2754 1630 2838 Ilaoiae
1650 2765 1796 2858 oasam,
1817 2765 1857 2838 et
1872 2780 1956 2839 me-

550 2888 678 2972 diante
695 2889 966 3000 compositione
977 2899 1016 2973 et
1028 2889 1189 3000 acceptis
1206 2887 1406 2974 obsidibus
1421 2897 1458 2973 et
1475 2889 1627 3001 eopiosa
1643 2888 1819 3000 pecunia,
1829 2915 1954 3000 regem

550 3020 712 3107 absolvit
733 3031 771 3106 et
792 3021 1009 3107 absolutum
1036 3023 1220 3132 permittit
1246 3023 1296 3106 ad
1321 3025 1475 3134 propria
1501 3049 1668 3108 remeare
1688 3021 1764 3134 (2).
1795 3023 1950 3108 Gonnnn.

552 3155 683 3240 Conon.
705 3183 768 3266 ap.
792 3157 988 3266 Boenasa,
1008 3165 1156 3255 Fontes,
1176 3167 1207 3240 t.
1229 3157 1281 3266 11,
1300 3184 1341 3269 p.
1362 3157 1456 3240 359.

763 3453 1155 3466 mm
1159 3453 1741 3466 unffi—*-

603 3701 807 3810 Henrious,
826 3703 1087 3788 Romanorum
1103 3727 1190 3810 rex,
1204 3700 1478 3786 monasterinm
1496 3701 1544 3784 de
1559 3699 1805 3786 Wallrenried
1824 3697 1865 3780 in
1887 3719 1954 3782 sne

586 3971 623 4047 (t)
641 3973 681 4030 be
692 3969 807 4036 natando
819 3969 873 4028 isto
886 3968 1003 4030 facinora
1016 3985 1032 4028 a
1045 3968 1180 4028 Fridera'oo
1190 3968 1365 4044 delsenbrng
1375 3975 1404 4028 et
1414 3968 1572 4030 mtslitibos
1583 3969 1643 4044 ejm
1653 3967 1682 4026 in
1694 3967 1738 4028 via
1750 3965 1859 4044 publiea
1873 3979 1954 4040 prope

551 4069 688 4132 Sobwdm
701 4073 867 4145 perpetrato,
881 4067 943 4126 vide
957 4067 1034 4142 plora
1050 4083 1094 4142 ap.
1113 4068 1236 4126 eumdem
1252 4069 1447 4141 Germanou,
1463 4085 1492 4144 p.
1508 4071 1574 4140 tat,
1594 4083 1639 4142 ap.
1658 4066 1779 4126 emam.
1796 4065 1952 4148 tiammo..

551 4171 604 4228 Vtt.
617 4170 647 4228 S.
662 4167 837 4242 depelleret,
850 4165 961 4238 ibidem,
974 4181 1003 4240 p.
1018 4169 1071 4224 305
1082 4173 1111 4225 et
1122 4182 1210 4241 seqq,
1225 4183 1271 4242 ap.
1281 4167 1402 4226 linem
1415 4169 1443 4226 et
1455 4167 1615 4228 ttnroorrmr
1628 4165 1657 4224 in
1668 4167 1758 4238 Hono,
1772 4163 1854 4223 Sner.
1867 4163 1952 4236 aare.

552 4285 685 4339 monam,
697 4272 719 4324 t.
735 4265 762 4337 l,
774 4282 804 4340 p.
818 4267 869 4322 tao
882 4269 910 4322 et
920 4279 997 4340 seqq.

586 4367 624 4442 (t)
642 4365 712 4426 Vide
725 4363 871 4424 seoondam
883 4361 1084 4438 compositionis
1098 4361 1211 4421 formem
1229 4379 1312 4439 super
1327 4362 1484 4424 liheratiom
1504 4361 1670 4424 waldemari
1685 4361 1769 4438 regis,
1781 4375 1853 4419 enno
1871 4361 1951 4429 ram,

550 4467 600 4527 XV
617 4465 746 4525 kalendas
765 4461 916 4522 decembris
932 4467 1087 4534 naamam,
1108 4477 1152 4536 ap.
1166 4461 1247 4536 θήῃ.
1267 4461 1369 4538 Garis,
1387 4469 1409 4522 t.
1426 4463 1471 4524 tv.
1486 4461 1570 4538 prael.
1583 4480 1612 4538 p.
1626 4463 1672 4534 87,
1688 4467 1717 4520 et
1732 4458 1798 4520 dod.
1812 4458 1950 4534 diplomat.

550 4564 657 4636 tote,
672 4570 692 4621 t.
705 4564 731 4634 1,
745 4579 775 4638 p.
787 4565 835 4632 333
848 4561 945 4634 quibos
957 4559 1097 4618 addendus
1110 4559 1436 4632 maerensmaerens,
1451 4560 1578 4621 emese.
1591 4559 1628 4618 nd
1639 4575 1707 4617 aare
1722 4559 1779 4618 nex
1793 4564 1885 4616 tamen
1901 4571 1951 4614 non

549 4669 613 4721 ante
624 4677 746 4720 mensem
760 4661 857 4735 julum
873 4660 936 4718 anni
951 4661 1021 4719 titt
1038 4658 1157 4718 libertati
1170 4659 1312 4720 restitntns
1329 4660 1426 4733 est,ei
1446 4658 1526 4718 idun
1544 4657 1720 4718 adhibeamus
1733 4656 1831 4716 litteris
1848 4652 1952 4716 lionorii

551 4775 638 4837 papae
650 4775 733 4835 snpra
746 4758 914 4830 memoratis,
928 4773 959 4834 p.
974 4759 1038 4816 608.
