4330 5914
535 606 595 669 690
1033 603 1247 663 tatutttttct
1272 603 1444 664 saeuiunt
1752 609 1834 686 [llus.
1854 609 1941 671 lm

617 740 706 814 (Edit.
719 741 751 798 ln
765 735 838 800 libro
849 737 1056 800 Probuttoaum
1069 737 1173 800 Sancti
1184 739 1378 815 Emmanuel,
1393 747 1461 815 tet,
1471 697 1556 801 num.
1568 747 1618 812 dt,
1629 747 1660 801 et
1672 743 1703 802 tn
1711 743 1840 804 Mecum.
1850 743 1928 805 Boio.
1933 793 1945 824 ‚

653 854 677 908 t.
692 846 795 920 XXX,
811 863 840 924 p.
861 854 935 924 tta,
950 861 1034 907 num.
1051 845 1271 920 nstitutum,
1293 861 1332 906 ex
1344 846 1496 924 origtnnlt,
1515 845 1595 906 unde
1607 848 1737 926 stglllunt
1754 851 1787 910 tn
1800 854 1944 916 omntorn

653 955 767 1016 tamum
779 953 976 1032 appendetur
989 951 1048 1013 fllts
1061 953 1160 1014 seriola
1173 952 1245 1012 fleat
1258 958 1289 1013 et
1300 969 1381 1014 nunc
1394 952 1471 1014 fueet
1483 951 1619 1032 eoloris)

581 1114 773 1188 Frlderious
791 1113 854 1186 Dei
876 1113 986 1208 gratia
1007 1113 1237 1186 Romanorum
1259 1113 1453 1207 imperator,
1477 1135 1614 1210 semper
1634 1125 1822 1210 augustus,
1847 1119 1942 1192 teru-

532 1241 637 1315 salem
656 1249 691 1312 et
709 1239 824 1310 Sicilie
841 1258 916 1310 rex.
940 1237 1003 1310 Per
1021 1257 1161 1332 presens
1180 1237 1346 1333 scriptum
1364 1247 1485 1310 notum
1505 1238 1649 1312 tacimus
1667 1241 1839 1314 universis
1858 1241 1941 1316 fide·

534 1366 625 1438 libus
637 1364 762 1436 nostris
776 1361 927 1457 imperii,
945 1369 1014 1434 tam
1029 1361 1244 1460 presentibus
1257 1384 1362 1456 quam
1376 1363 1519 1451 futuris,
1537 1365 1632 1459 qnod
1647 1387 1709 1438 nos
1722 1365 1768 1439 ob
1780 1389 1941 1442 reveren-

534 1490 617 1563 tiam
632 1489 724 1583 regis
737 1509 858 1581 regum
872 1507 1050 1582 perquem
1066 1485 1208 1559 feliciter
1220 1485 1373 1560 vivimus
1386 1495 1421 1560 et
1433 1509 1638 1582 regnamus,
1654 1487 1702 1562 ad
1716 1490 1940 1564 imitationem

533 1635 674 1710 quoque
694 1613 908 1709 imperatoris
926 1612 1064 1685 Henrici
1088 1610 1265 1706 quondam
1288 1611 1395 1706 patris
1417 1612 1525 1685 nostri
1551 1613 1733 1687 recolende
1755 1615 1939 1704 memorie,

532 1739 763 1813 venerabilem
781 1737 941 1810 abbatem
957 1736 1154 1810 monasterii
1169 1735 1283 1808 Sancti
1300 1735 1520 1808 Heimeramii
1536 1746 1571 1809 et
1587 1739 1706 1810 fratres
1718 1737 1750 1828 ej
1755 1760 1795 1809 ns
1809 1737 1936 1811 ibidem

533 1863 708 1936 Altissimo
726 1863 929 1936 famulantes
946 1883 1026 1933 cum
1041 1860 1203 1932 omnibus
1220 1859 1494 1954 possessionibus
1509 1869 1543 1933 et
1558 1861 1659 1934 bonis
1671 1861 1744 1932 suis
1757 1861 1941 1934 mobilibus

535 1997 569 2060 el
594 1987 775 2060 stabilibus
791 2007 860 2080 que
875 1986 967 2076 juste
990 1991 1106 2056 tenent
1122 1991 1157 2054 et
1175 1981 1352 2077 possident
1377 1991 1412 2055 et
1428 1982 1465 2053 in
1490 1991 1591 2056 antea
1609 1993 1781 2078 prestante
1801 1985 1944 2057 Domino

533 2116 628 2206 justo
640 2113 739 2183 titulo
751 2116 913 2206 poterunt
925 2106 1109 2204 adhipisci‚
1120 2106 1186 2178 sub
1199 2106 1340 2201 speciali
1349 2108 1559 2202 protectione
1571 2118 1606 2181 et
1619 2107 1819 2182 defensione
1832 2117 1945 2182 nosue

537 2237 722 2330 recipimus
737 2233 935 2326 majestatis.
952 2231 1163 2305 Auctoritate
1178 2232 1345 2326 presentis
1362 2231 1481 2328 scripti
1499 2233 1566 2305 sub
1590 2253 1679 2328 pena
1702 2233 1812 2326 gratie
1830 2241 1944 2306 nostre

537 2357 766 2457 precipientes
784 2357 924 2429 tirmiter
939 2356 1110 2428 universis
1128 2355 1295 2450 quatinus
1311 2357 1427 2428 nullus
1445 2356 1489 2428 sit
1505 2365 1574 2429 tam
1594 2379 1718 2447 ausus,
1735 2358 1797 2451 qui
1813 2356 1945 2452 predic·

537 2494 612 2557 tum
635 2483 812 2574 abbatem,
835 2480 1079 2554 monasterium
1100 2489 1135 2553 et
1156 2482 1276 2552 fratres
1294 2481 1388 2572 ejus,
1408 2489 1527 2554 contra
1547 2481 1651 2575 hujus
1675 2490 1789 2554 nostre
1813 2491 1943 2577 protec-

540 2608 816 2696 tionistenorem‚
833 2602 1035 2701 inpersonie
1048 2607 1106 2678 vel
1118 2606 1394 2701 possessionibus
1405 2617 1439 2679 et
1451 2606 1551 2679 bonis
1563 2608 1715 2700 suisque
1723 2608 1817 2698 juste
1828 2617 1944 2680 tenent

538 2744 572 2808 et
592 2732 766 2830 possident
781 2740 816 2804 et
832 2731 868 2802 in
884 2738 984 2804 antea
1001 2731 1096 2822 justo
1113 2731 1212 2802 titulo
1230 2739 1389 2826 poterunt
1408 2728 1600 2827 adhipisci‚
1618 2729 1747 2804 temere
1764 2733 1945 2805 molestare

536 2880 599 2932 seu
618 2857 817 2953 perturbare
838 2865 1024 2951 presumat.
1051 2854 1153 2940 Quod
1170 2855 1232 2948 qui
1255 2855 1517 2950 presumpserit,
1543 2855 1816 2946 indignationem
1837 2856 1944 2929 nostri

537 2983 697 3058 culminis
722 3003 760 3054 se
777 2982 913 3055 noverit
932 2981 1166 3053 incursumm.
1187 2980 1243 3053 Ad
1264 2981 1368 3073 hujus
1386 2981 1503 3075 itaque
1525 2981 1745 3076 protectionis
1768 2989 1803 3052 et
1826 2981 1945 3054 defen·

536 3107 643 3181 sionis
661 3115 775 3178 nostre
791 3105 991 3176 memoriam
1008 3113 1043 3176 et
1058 3105 1164 3176 robur
1185 3103 1230 3176 de
1250 3111 1362 3176 cetero
1380 3104 1587 3196 valiturum,
1613 3125 1753 3199 presens
1778 3103 1944 3200 scriptum

536 3229 611 3303 fieri
629 3240 663 3301 et
677 3229 791 3322 sigillo
809 3228 998 3320 mejestatis
1014 3236 1129 3300 nostre
1143 3227 1311 3320 jussimus
1327 3227 1546 3300 communiri.

584 3356 707 3425 batum
723 3353 845 3446 Fogie,
864 3374 955 3425 anno
969 3352 1139 3426 dominice
1154 3353 1398 3425 iucarnationis
1409 3352 1590 3424 millesimo
1605 3350 1840 3425 ducentesimo
1854 3351 1945 3424 vioe·

536 3479 624 3551 simo
642 3485 760 3568 sexto,
779 3499 897 3551 mense
911 3477 1126 3567 novembris,
1143 3479 1398 3573 quintodecimo
1414 3477 1625 3553 indictionis.

386 4091 399 4122 ο
475 4110 482 4132 ,
586 4035 817 4143 Fridericus,
835 4035 1094 4120 Romanorum
1112 4035 1333 4143 imperator,
1350 4035 1509 4117 mandat
1525 4033 1703 4118 abbatem
1720 4042 1758 4118 et
1774 4057 1944 4117 conuen-

390 4145 405 4177 '
439 4135 453 4179 a
532 4179 615 4254 tum
646 4172 806 4254 Sanctae
837 4169 976 4254 Mariae
1006 4169 1054 4251 de
1086 4167 1203 4252 Stella
1236 4167 1424 4251 Florensis
1454 4167 1624 4270 ordinis,
1654 4165 1943 4276 Amalpbitenac

531 4303 735 4410 dioecesiS,
758 4301 896 4386 debere
922 4303 1088 4412 gaudere
1113 4301 1293 4386 omnibus
1319 4301 1549 4412 privilegiis,
1574 4300 1880 4384 immunitatibus
1906 4307 1943 4382 et

530 4437 768 4520 libertatibus
785 4461 883 4546 quas
901 4437 995 4520 ordo
1013 4435 1201 4519 Florensis
1218 4445 1387 4544 tempore
1403 4435 1642 4544 imperatoris
1660 4433 1810 4518 Henrici
1824 4432 1942 4544 putris

531 4571 591 4654 sui
608 4571 747 4656 hebere
764 4571 970 4655 consuevit.
987 4569 1151 4680 Suscipit
1168 4570 1324 4680 insuper
1342 4569 1616 4654 monasterium
1634 4567 1674 4650 in
1694 4593 1765 4652 sua
1784 4575 1940 4678 protac-

531 4703 633 4788 tione
650 4705 760 4815 eique
776 4703 976 4788 confirmat
993 4703 1094 4789 bona
1112 4705 1302 4814 quaedam
1321 4704 1424 4814 apud
1441 4701 1644 4814 Majorum.
1724 4751 1726 4756 .

2151 25 2157 171 l

2155 313 2160 509 l

2151 557 2158 802 l
