4466 5914
312 583 411 646 lenter.
430 582 490 661 lt]
757 579 954 642 meronie
978 577 1273 642 oratonettcs
1663 579 1725 642 649

397 715 528 796 (Edlder.
539 715 633 790 Qurx,
644 711 821 796 Diedo'oipl.
833 713 957 796 capeto,
968 733 1000 794 p.
1010 725 1100 778 tt-
1108 715 1300 796 honneur,
1311 711 1557 794 llrlnctdecb.siir
1565 713 1611 776 dic
1622 712 1717 776 eccl.

431 816 595 893 dedant,
611 836 668 878 au.
684 819 783 893 Banu,
797 838 828 898 p.
843 830 951 894 72-73,
967 831 1000 882 n⁰
1016 831 1089 895 tet,
1105 840 1144 884 ex
1157 828 1334 901 transumpt.
1353 839 1412 902 rep
1428 821 1548 884 liudolfi
1563 824 1650 900 primi
1663 821 1720 884 sub

434 943 514 988 anno
529 923 633 1006 aare.)

365 1115 404 1188 ln
423 1115 565 1188 nomine
584 1123 703 1188 sancte
720 1125 757 1188 et
778 1115 962 1190 individue
979 1117 1163 1191 Trinitatis.
1185 1117 1379 1191 Fridericus
1402 1117 1578 1191 mundus
1601 1116 1722 1190 divina

318 1241 455 1314 buente
477 1241 659 1314 clementia
685 1241 915 1314 Romanomm
939 1241 1142 1338 imperator,
1171 1263 1305 1337 semper
1328 1251 1514 1336 augustus,
1536 1243 1722 1315 Jerusalem

316 1373 353 1436 et
382 1363 509 1460 sycilie
537 1385 613 1436 rex.
646 1364 740 1438 Licet
765 1375 880 1438 nostre
909 1366 1102 1439 serenitatis
1130 1367 1308 1439 clementia
1339 1367 1454 1439 celesti
1483 1367 1590 1461 gratia
1620 1387 1725 1460 super

318 1497 438 1583 gentes
456 1497 490 1561 et
510 1509 618 1582 regna
636 1488 806 1584 imperiali
823 1492 1000 1583 majestate
1020 1490 1203 1563 sublimata
1225 1491 1352 1563 sanctie
1373 1491 1436 1562 Dei
1458 1489 1611 1564 ecclesiis
1631 1489 1726 1563 fideli

319 1613 551 1710 prudentique
573 1613 779 1686 discretione
792 1616 886 1706 juste
903 1622 937 1685 et
961 1614 1226 1688 misericorditer
1256 1615 1434 1688 consulere
1454 1623 1626 1706 teneatur,
1647 1637 1725 1710 spe-

320 1737 442 1810 cialius
459 1747 573 1810 tamen
592 1737 747 1832 Aquenei
768 1739 929 1832 ecclesie,
952 1759 1023 1835 que
1043 1739 1144 1813 sedes
1165 1749 1201 1812 et
1225 1749 1328 1833 caput
1349 1741 1445 1834 regni
1469 1739 1626 1813 familiari
1647 1761 1725 1836 pre·

320 1859 477 1954 negativa
494 1861 583 1934 inter
601 1861 791 1958 Cisalpinae
812 1861 1036 1958 resplendens
1055 1863 1217 1936 ecclesias
1236 1863 1342 1957 regali
1360 1875 1395 1936 et
1417 1863 1584 1960 imperiali
1607 1865 1727 1936 trium·

321 1983 406 2080 pbat
428 1983 576 2078 fiducia,
599 1986 703 2078 juxta
725 2007 839 2059 ramos
860 1987 1018 2061 ordinate
1044 1987 1194 2060 caritatis
1213 1987 1392 2061 consulere
1414 1988 1517 2062 debet
1542 1997 1577 2060 et
1601 1989 1729 2061 utiliter

322 2109 518 2204 providero.
540 2109 625 2184 lude
642 2119 695 2184 eet
712 2113 808 2206 quod
827 2133 891 2186 noe
911 2113 1072 2188 divorum
1090 2123 1315 2208 augustorum
1337 2121 1547 2206 nostrorum,
1568 2113 1731 2187 videlicet

322 2243 577 2308 antecessorum
593 2235 685 2308 beati
702 2237 840 2328 darell,
855 2237 918 2334 qui
931 2240 1096 2334 prefatam
1119 2238 1299 2311 ecclesiam
1321 2259 1343 2310 a
1365 2238 1599 2312 fundamentis
1620 2239 1731 2312 erexit

324 2368 359 2432 et
375 2359 594 2432 laudabiliter
609 2381 652 2433 ac
669 2359 813 2436 mirifice
834 2361 1028 2455 decoravit,
1048 2364 1198 2457 ejusque
1214 2383 1470 2445 successorum,
1495 2365 1648 2436 maxime
1671 2365 1732 2436 ka·

324 2483 451 2556 riseimi
470 2485 577 2579 patris
598 2495 633 2556 et
654 2485 713 2557 avi
738 2488 847 2558 nostri
862 2485 1013 2560 Heinrici
1033 2497 1068 2559 et
1088 2487 1252 2560 Friderici
1273 2487 1568 2561 serenissimorum
1585 2490 1734 2584 impera·

326 2616 458 2696 munt,
482 2608 545 2703 qui
564 2609 731 2704 prefatam
752 2611 930 2683 ecclesiam
948 2611 1079 2684 sincere
1093 2612 1247 2684 karitatis
1263 2613 1412 2686 brachiis
1430 2613 1729 2709 amplexabantur,

326 2732 482 2825 vestigiis
504 2732 717 2824 inherentes,
737 2734 849 2830 ipsam
875 2735 911 2806 in
936 2736 1119 2830 specialem
1143 2737 1330 2829 mejestatis
1353 2745 1466 2810 nostre
1491 2739 1733 2833 protectionem

326 2855 513 2951 recipimus
541 2858 645 2952 eique
678 2857 922 2933 confirmamus
954 2861 1114 2934 universa
1142 2883 1212 2956 que
1239 2863 1284 2935 ab
1311 2863 1584 2936 antecessoribus
1613 2867 1736 2938 nostrie

327 2979 469 3074 regibus
489 2981 565 3054 eive
590 2982 853 3079 imperatoribus
879 2985 1041 3058 Romanis
1060 3007 1122 3059 eeu
1144 2987 1189 3059 ab
1212 2987 1288 3059 aliis
1314 2986 1436 3058 Christi
1457 2985 1620 3060 fidelibus
1642 2991 1734 3082 juste

330 3103 450 3178 collate
472 3115 575 3197 sunt,
597 3109 653 3180 vel
676 3107 713 3179 iu
734 3117 910 3204 posterum
935 3109 1040 3183 dante
1061 3111 1208 3183 Domino
1223 3111 1369 3184 conlerri
1391 3119 1567 3206 poterunt,
1589 3113 1646 3184 vel
1664 3133 1734 3207 que

329 3227 404 3323 ipsa
425 3231 571 3306 ecclesia
588 3232 682 3324 justo
705 3234 942 3328 acquisitionis
964 3235 1062 3309 titulo
1086 3257 1148 3332 per
1171 3235 1317 3331 gratiani
1341 3235 1403 3310 Dei
1425 3258 1518 3309 nunc
1546 3235 1651 3310 habet
1678 3239 1735 3310 vel

329 3351 367 3424 in
387 3363 562 3448 posterum
583 3357 763 3429 obtinebit.
790 3359 990 3453 specialiter
1013 3371 1129 3434 autem
1151 3361 1369 3435 Bastonicam
1390 3360 1443 3459 (l)
1469 3383 1548 3433 cnm
1571 3361 1644 3434 suis
1666 3385 1736 3460 ap-

330 3477 499 3572 pendiciis
514 3490 550 3552 et
564 3493 715 3554 mercato
735 3491 770 3554 et
785 3483 879 3555 omni
892 3485 987 3576 jure,
1004 3507 1110 3578 quam
1126 3486 1273 3557 Karolue
1293 3485 1439 3580 Magnus
1458 3485 1571 3560 eidem
1592 3487 1736 3560 ecclesie

330 3599 444 3690 dedit;
463 3603 626 3699 Jupittam
643 3615 678 3678 ct
693 3607 826 3680 Harsml
840 3627 929 3701 quae
943 3608 1020 3680 Otto
1034 3609 1153 3682 tertius
1169 3631 1249 3682 cum
1265 3611 1359 3682 omni
1372 3611 1451 3703 jure
1470 3619 1504 3684 et
1521 3609 1738 3707 appendiciis

331 3727 453 3800 suiset
469 3729 571 3802 nonis
586 3738 621 3803 et
638 3729 781 3804 decimis
802 3731 913 3826 dedit3
937 3733 1186 3830 compendium
1208 3735 1279 3833 (2),
1296 3757 1401 3832 quam
1424 3737 1569 3810 Karolns
1591 3738 1735 3832 Magnus

333 3871 412 3922 cum
425 3853 499 3924 suis
512 3854 728 3951 appendiciis
744 3865 780 3929 et
794 3857 895 3930 nonis
910 3867 945 3932 et
959 3858 1103 3932 decimis
1118 3859 1230 3953 dedit;
1251 3861 1432 3934 ecclesiam
1448 3861 1483 3932 in
1497 3863 1614 3933 Duren
1629 3884 1735 3956 quam

332 3974 410 4048 Otto
428 3999 493 4050 rex
515 3999 595 4052 cum
619 3981 720 4053 nonis
735 3991 771 4054 et
788 3982 931 4057 decimis
955 3984 1072 4077 dedit3
1097 4007 1222 4058 nonam
1245 3987 1281 4057 in
1305 3985 1389 4058 [oin
1414 3995 1449 4058 et
1469 3983 1663 4059 Aschwilre
1684 3984 1737 4082 (3)

332 4121 437 4194 quam
452 4102 631 4176 Lotharius
649 4104 833 4201 imperator
847 4107 962 4201 dedit;
985 4109 1105 4182 villam
1121 4111 1201 4185 Vale
1215 4119 1250 4183 et
1264 4109 1443 4184 Gimenich
1458 4107 1511 4208 (l)
1526 4133 1614 4206 quas
1633 4111 1737 4185 Hein-

371 4403 408 4480 (l)
426 4406 568 4483 Bastogne.

372 4501 408 4577 (ἲ)
427 4503 553 4562 Conuen

372 4599 409 4675 (³)
428 4601 502 4660 lobn
516 4609 544 4660 at
556 4603 733 4668 Eschwdler.

372 4697 409 4772 tt)
427 4699 505 4758 Vaels
517 4707 545 4758 et
558 4700 736 4766 Gimmenich.

414 4799 456 4862 11.
477 4815 532 4860 am
545 4818 567 4863 a
