4466 5914
524 605 585 669 616
1025 601 1240 664 uurnuutct
1265 601 1439 664 suculam
1752 605 1833 686 [aar.
1853 609 1940 674 lm.

526 738 708 816 commodo
723 759 788 812 soo
803 735 949 830 cudere,
972 737 1083 812 lacere
1095 747 1130 811 et
1144 737 1273 812 habere
1291 759 1453 833 magnam
1471 737 1528 812 vel
1542 759 1706 835 parvam,
1722 763 1793 836 que
1812 745 1944 842 ubique

528 873 696 939 terrarum
714 861 825 935 'nostri
848 861 984 956 imperii
1007 861 1226 957 expendatur
1248 871 1283 935 et
1308 870 1423 936 currat
1442 871 1478 936 et
1501 861 1535 936 ei
1558 861 1707 938 debeant
1727 887 1852 940 nomen
1880 891 1943 965 pro

528 1012 592 1064 sua
619 989 795 1084 imponere
815 985 1006 1060 voluntate.
1026 983 1084 1058 Ad
1105 987 1269 1080 majorem
1290 993 1407 1060 antem
1428 985 1581 1081 predicte
1605 987 1755 1062 civitatis
1776 995 1944 1066 mutatam

528 1114 711 1189 statuimus
726 1121 765 1185 ut
784 1111 918 1206 absque
939 1109 1218 1184 contradictionis
1244 1121 1325 1185 nota
1350 1113 1386 1184 in
1412 1112 1576 1186 omnibus
1593 1111 1793 1190 civitatibus
1810 1128 1845 1190 et
1861 1119 1945 1192 locis

529 1239 664 1336 imperii
690 1237 796 1310 nostri
820 1257 960 1309 cursum
987 1234 1114 1310 habeat
1139 1245 1174 1310 et
1198 1236 1355 1310 debitum
1378 1236 1533 1310 obtineat
1559 1238 1666 1334 precii
1691 1239 1747 1312 sui
1774 1241 1942 1336 vigorem.

529 1367 601 1438 Hec
621 1373 737 1437 autem
761 1361 877 1434 omnia
894 1360 966 1453 jam
990 1359 1082 1434 dicte
1105 1359 1256 1432 civitatis
1278 1361 1453 1434 communi
1474 1383 1522 1435 ex
1546 1371 1638 1436 certa
1660 1373 1776 1438 nostra
1802 1367 1944 1442 scientia

531 1489 755 1564 concedimus
768 1495 803 1560 et
821 1484 1003 1575 donamus,
1023 1484 1069 1558 de
1081 1485 1211 1581 quibus
1222 1485 1385 1558 omnibns
1400 1485 1643 1560 investivimus
1658 1489 1831 1564 civitatem
1846 1513 1945 1564 eam-

531 1616 611 1692 dem
637 1616 673 1688 in
699 1611 853 1710 personis
878 1609 1033 1686 fidelium
1059 1619 1253 1684 nostmrum
1281 1611 1422 1686 Berardi
1448 1612 1594 1686 Rolandi
1617 1614 1728 1688 liubai
1754 1615 1946 1690 Parmensis

531 1739 708 1838 potestatis
734 1738 845 1833 ipsius
874 1735 1025 1810 civitatis
1052 1736 1202 1828 Mutine,
1231 1735 1363 1809 Alberti
1387 1736 1565 1834 Papiensis
1591 1737 1709 1830 legum
1734 1739 1885 1814 doctoris
1913 1752 1948 1814 et

532 1865 699 1940 Boniiacii
715 1863 822 1936 Ducis
844 1861 890 1936 de
908 1861 1099 1950 Ganareto,
1124 1862 1186 1957 qui
1213 1883 1318 1958 super
1343 1863 1408 1935 hoc
1431 1863 1475 1936 ad
1500 1863 1740 1938 excellentiam
1755 1875 1947 1940 nostrama

534 1992 626 2068 dicte
642 1989 792 2064 civitatis
806 1987 982 2062 communi
998 1987 1138 2059 luerunt
1151 1986 1324 2061 destinati.
1337 1989 1532 2061 statuentes
1545 1997 1581 2061 et
1595 1991 1762 2084 presentis
1777 1991 1948 2086 privilegii

534 2117 738 2193 anctoritate
760 2113 902 2186 firmiter
923 2112 1145 2205 injungentes
1161 2122 1200 2185 nt
1218 2114 1314 2186 nulla
1332 2113 1475 2187 omnino
1496 2133 1643 2209 persona
1664 2137 1771 2208 parva
1794 2117 1853 2190 vel
1877 2116 1949 2189 hu-

534 2243 640 2330 milis,
656 2238 887 2314 ecclesiastica
902 2238 959 2310 vel
974 2237 1153 2325 secularis,
1169 2247 1288 2311 contra
1302 2239 1392 2311 hanc
1410 2238 1665 2312 concessionem
1678 2249 1714 2312 et
1729 2239 1950 2316 donationem

534 2376 686 2440 nostram
704 2364 822 2458 aliquo
845 2371 998 2458 tempore
1012 2363 1131 2436 venire
1148 2375 1324 2458 presumat
1341 2365 1398 2436 vel
1413 2363 1446 2436 si
1465 2385 1553 2437 ausu
1572 2365 1753 2438 temerario
1767 2367 1947 2440 contraire.

536 2491 638 2578 Quod
660 2490 722 2586 qui
747 2487 985 2584 presumserit,
1005 2486 1277 2582 indignationem
1301 2498 1452 2562 nostram
1477 2497 1511 2561 et
1536 2509 1659 2585 penam
1682 2490 1949 2585 quingentarum

536 2619 702 2692 librarum
729 2614 806 2686 auri
837 2613 916 2708 puri
940 2634 979 2686 se
1007 2613 1143 2685 noverit
1170 2613 1409 2704 incursurum,
1441 2635 1590 2708 quarum
1621 2613 1788 2689 medietas
1816 2637 1952 2691 camere

536 2751 670 2830 nostre,
696 2740 802 2813 altera
830 2759 913 2811 vero
938 2737 1048 2834 passis
1074 2737 1235 2830 injuriam
1259 2737 1511 2833 persolvantur.
1534 2737 1578 2810 Ut
1604 2747 1719 2810 autem
1747 2739 1812 2812 hec
1837 2747 1952 2814 nostra

537 2865 714 2942 concessio
726 2873 762 2936 et
775 2862 915 2936 donatio
935 2871 1008 2936 rata
1026 2885 1162 2959 semper
1173 2872 1209 2936 et
1221 2863 1424 2938 inconvulsa
1442 2871 1661 2960 permaneat,
1685 2885 1827 2959 presens
1840 2864 1953 2963 privi-

537 2993 666 3088 legium
682 2989 755 3063 lieri
771 3001 806 3064 et
822 2989 936 3084 sigillo
952 2989 1140 3082 maJestatis
1153 2998 1269 3062 nostre
1282 2991 1451 3083 jussimus
1467 2987 1686 3062 communiri.

586 3118 698 3209 Hujus
713 3125 828 3188 antem
845 3113 894 3186 rei
915 3122 1019 3186 testes
1036 3122 1118 3185 sunt
1137 3114 1299 3186 Albertus
1318 3113 1627 3208 Magdeborgensis
1649 3112 1949 3210 archiepiscopus,

543 3299 551 3318 .
584 3298 592 3315 .
624 3296 633 3314 .
662 3239 836 3314 Curiensis
857 3237 1041 3334 episcopus
1066 3247 1101 3310 et
1126 3238 1235 3310 abbas
1261 3237 1375 3310 Sancti
1403 3237 1509 3330 Galli,
1539 3293 1549 3310 .
1581 3292 1590 3310 .
1620 3293 1629 3311 .
1657 3237 1827 3332 Cioensis,
1857 3293 1866 3310 .
1897 3293 1907 3312 .
1939 3293 1948 3310 .

538 3365 796 3457 ldelsemensis,
827 3417 836 3434 .
868 3417 877 3434 .
908 3417 917 3436 .
944 3362 1161 3454 BasiliensiS,
1184 3363 1334 3437 Iacobus
1354 3362 1593 3454 Taurinensis,
1618 3360 1829 3458 Magnardus
1855 3363 1954 3436 Imo—

538 3492 660 3585 lcnsis,
692 3544 702 3563 .
733 3543 742 3561 .
774 3487 1050 3580 .N0variensis,
1082 3541 1091 3559 .
1122 3541 1132 3560 .
1164 3487 1381 3560 .Brixionsis
1392 3497 1427 3560 et
1439 3485 1555 3562 Gratia
1571 3487 1764 3560 Parmensis
1779 3487 1951 3584 episcopi,

544 3671 583 3690 ..
606 3672 614 3689 .
636 3614 849 3711 lantgravius
865 3611 1074 3708 Thuringie,
1099 3668 1107 3686 .
1132 3668 1140 3685 .
1164 3667 1172 3686 .
1193 3613 1269 3687 dux
1289 3613 1459 3706 Saxonie,
1481 3611 1683 3710 naynatdns
1708 3611 1785 3686 dux
1804 3613 1950 3708 Spoleti,

539 3744 661 3818 Comes
675 3740 716 3814 G.
735 3737 785 3838 (a)
801 3740 846 3813 de
859 3739 993 3813 Vienna
1006 3739 1110 3812 etalii
1123 3739 1360 3834 quamplures.

589 3868 733 3963 Signum
757 3865 888 3940 domiui
905 3863 1075 3937 Frederici
1093 3865 1322 3936 Romanorum
1344 3861 1558 3960 imperatoris
1575 3860 1741 3955 secundi,
1758 3863 1820 3935 Dei
1844 3862 1954 3957 gratia

588 4119 675 4190 Acta
692 4123 774 4189 sunt
788 4115 852 4187 heo
872 4133 964 4186 anno
984 4111 1155 4185 dominice
1176 4111 1419 4185 incarnationis
1442 4112 1624 4186 millesimo
1645 4112 1882 4185 ducentesimo
1896 4111 1956 4184 vi-

540 4243 672 4339 gesimo
697 4248 815 4332 sexto,
835 4259 954 4310 mense
975 4237 1084 4330 junii,
1108 4237 1185 4309 XIV
1211 4237 1420 4329 indictione,
1447 4237 1639 4334 imperante
1669 4237 1809 4310 domino
1839 4245 1956 4310 nostro

539 4365 719 4442 Frederico
738 4365 768 4436 ll
783 4363 846 4437 Dei
862 4362 971 4458 gratia
984 4361 1212 4436 invictissimo
1237 4363 1466 4436 Romanorum
1489 4363 1712 4459 imperatore,
1733 4383 1868 4458 semper
1888 4385 1958 4436 au-

539 4502 658 4590 gusto,
678 4489 891 4564 Hierusalem
911 4499 945 4562 ct
961 4487 1076 4562 Sicilie
1091 4495 1188 4583 rege,
1206 4509 1297 4560 anno
1315 4486 1458 4560 Romani
1478 4487 1613 4584 imperii
1630 4490 1705 4583 ejus
1722 4497 1839 4582 sexto,
1859 4485 1957 4581 regni

579 4757 619 4842 (a)
639 4761 760 4822 Rectius
771 4764 889 4834 umen,
903 4764 939 4820 ut
951 4774 1042 4838 snpra
1054 4759 1236 4830 monuimus,
1252 4757 1281 4816 S.
1298 4753 1476 4838 (Sisridor).
