4326 5910
554 565 615 628 sas
1077 567 1247 630 sanarer
1274 567 1441 642 sarrrur
1777 567 1857 646 [nn.
1876 567 1958 630 ress

547 705 713 778 -Pretcrea
740 703 884 797 dignum
908 703 1075 778 duximus
1092 715 1129 778 ct
1143 704 1237 780 idem
1254 705 1521 794 monasterinm,
1538 703 1635 799 qnod
1655 726 1677 776 a
1703 705 1802 778 nobis
1822 707 1959 778 nostris·

555 851 625 925 que
642 829 915 904 antecessoribus
927 831 1069 926 regibus
1081 841 1116 904 et
1128 832 1392 928 imperatoribus
1405 829 1560 904 noscitur
1572 851 1649 904 esse
1661 837 1907 922 constructum,
1918 829 1960 902 ab

554 957 649 1030 omni
667 935 912 1030 advocatorum
932 957 1118 1030 vexatione
1137 957 1285 1032 liberum
1298 978 1376 1030 esso
1394 957 1557 1030 volumus
1569 977 1635 1028 nec
1650 953 1807 1046 ejusdem
1820 955 1960 1029 ecclesis

553 1081 771 1156 advocatiam
798 1081 1005 1174 concedere,
1030 1081 1159 1157 babere
1179 1091 1240 1156 ant
1258 1081 1342 1156 dare
1365 1081 1423 1156 vsi
1450 1081 1620 1175 obligare,
1645 1079 1712 1151 nisi
1739 1101 1801 1176 per
1818 1100 1883 1152 uos
1906 1080 1959 1152 vei

553 1216 687 1280 nostros
704 1228 919 1281 successores
936 1230 1037 1301 reges
1060 1219 1095 1282 et
1122 1209 1343 1305 imperatores
1365 1217 1400 1282 st
1422 1229 1503 1280 cum
1524 1207 1700 1280 voluntate
1725 1205 1861 1278 abbatis
1882 1206 1959 1278 Sco-

553 1343 678 1406 torum.
709 1333 909 1406 Inhibemds
934 1333 1038 1408 etiam
1065 1343 1100 1407 ct
1126 1334 1336 1431 precipimus
1358 1356 1404 1408 nc
1427 1332 1532 1406 alicui
1556 1332 1725 1406 advocato
1750 1331 1851 1404 liceat
1873 1331 1960 1404 bona

553 1481 673 1534 eornm
691 1459 893 1556 usurpando
912 1442 1028 1534 ornere
1046 1467 1107 1534 aut
1124 1458 1324 1534 renovando
1342 1459 1485 1554 addere,
1505 1458 1570 1532 sed
1586 1459 1669 1532 solis
1686 1457 1796 1532 Sectis
1809 1466 1960 1530 tantum-

554 1585 659 1659 modo
682 1584 727 1658 dc
747 1585 848 1660 bonis
866 1586 956 1679 suis,
976 1596 1079 1682 prout
1101 1585 1225 1660 melius
1241 1587 1300 1662 vel
1320 1586 1440 1659 utilius
1461 1585 1625 1682 poterint,
1646 1582 1829 1680 disponere
1842 1583 1956 1674 liceat,

522 1696 526 1704 ’
553 1709 643 1782 sicut
658 1708 825 1784 hactenus
847 1712 1061 1808 temporibus
1079 1720 1334 1786 antecessorum
1347 1721 1542 1786 uesborum
1554 1709 1707 1783 noscitur
1722 1710 1956 1801 observatum,

553 1858 619 1912 nec
647 1857 767 1910 corum
794 1837 1014 1912 advocatiam
1039 1838 1166 1934 aliquis
1195 1838 1323 1912 tenebit
1346 1846 1408 1912 aut
1434 1837 1502 1911 sibi
1531 1835 1746 1928 vendicabit,
1766 1835 1830 1909 sed
1858 1835 1959 1908 tutela

553 1963 649 2058 regia
667 1964 871 2038 inconcusso
892 1963 1153 2038 conservabitur
1173 1965 1220 2038 ob
1238 1963 1359 2038 salutis
1376 1971 1493 2037 eterne
1514 1969 1752 2056 augmentum.
1775 1961 1959 2034 statuimus

553 2098 756 2186 quoquest
782 2089 870 2162 nulli
891 2089 1037 2164 seculari
1063 2090 1175 2185 judici
1200 2099 1263 2166 aut
1286 2089 1426 2187 praeoni
1454 2090 1490 2162 in
1517 2087 1613 2162 curia
1637 2089 1812 2162 Scotorum
1841 2086 1899 2160 vel
1924 2086 1958 2158 in

555 2217 642 2290 atrio
670 2224 732 2288 ant
757 2215 794 2286 in
824 2214 983 2310 hospitali
1011 2215 1183 2290 dominari
1209 2217 1311 2289 liceat
1339 2225 1400 2288 ant
1417 2213 1590 2308 judicium
1617 2233 1797 2300 exercere,
1824 2221 1860 2286 et
1883 2233 1959 2286 rens

557 2340 693 2434 fugiens
720 2361 840 2435 parem
867 2339 1009 2414 habebit
1033 2340 1070 2411 in
1099 2341 1184 2414 locis
1208 2341 1353 2415 eisdem.
1382 2341 1551 2414 Nolumus
1576 2340 1680 2412 etiam
1706 2348 1745 2410 ut
1770 2339 1815 2412 ab
1847 2338 1958 2433 aliquo

554 2465 780 2562 impignorari
798 2463 959 2538 debcant.
975 2465 1011 2540 Si
1028 2465 1108 2563 quis
1125 2475 1241 2541 autem
1265 2465 1356 2540 banc
1380 2466 1571 2540 libertatem
1595 2465 1646 2538 eis
1669 2465 1855 2560 infringere
1877 2485 1958 2560 pre·

554 2592 750 2688 sumpserit,
771 2601 939 2666 trecentas
964 2615 1098 2668 marcas
1120 2595 1197 2667 auri
1221 2594 1472 2690 compositurus
1491 2592 1607 2666 banuo
1623 2599 1739 2666 nostro
1758 2589 1955 2685 subjacebit,

554 2718 774 2794 medictatem
790 2739 924 2793 camere
947 2727 1063 2794 nostre
1085 2728 1121 2794 ct
1144 2719 1364 2794 medietatem
1386 2718 1584 2816 supradicte
1607 2717 1762 2792 ecclesie.
1786 2717 1831 2790 Ut
1847 2723 1958 2790 autem

554 2845 619 2920 hec
645 2853 761 2920 uestra
787 2845 963 2920 concessio
988 2854 1064 2922 rata
1081 2854 1117 2920 et
1133 2845 1334 2920 intemerata
1358 2854 1558 2942 permenam
1579 2844 1860 2940 inperpetuum,
1882 2862 1959 2938 pre-

553 2983 685 3047 sentem
702 2971 863 3067 peginam
884 2971 988 3044 scribi
1001 2981 1036 3046 et
1049 2971 1237 3066 majestatis
1255 2981 1370 3046 nosue
1383 2971 1497 3067 sigillo
1506 2969 1674 3065 jussimus
1695 2966 1910 3042 communiri.

600 3099 718 3172 Testes
735 3107 852 3170 autem
873 3107 955 3170 sunt
978 3097 1028 3170 hii
1048 3098 1278 3192 {ingelbertus
1302 3098 1517 3172 coloniensis
1534 3095 1832 3192 archiepiscopos,
1849 3093 1960 3168 flem-

550 3223 647 3298 rious
663 3223 875 3321 Eystoteusis
893 3223 1096 3321 episcopus,
1113 3223 1304 3298 Ludvvicus
1329 3224 1404 3297 dux
1423 3223 1586 3313 Bavavic,
1607 3223 1687 3296 Otto
1704 3221 1781 3295 dux
1795 3220 1956 3312 bierunie,

551 3349 742 3426 Dieboldus
759 3349 912 3424 marchio
931 3351 976 3425 de
996 3351 1221 3446 Hohinburg,
1239 3349 1417 3424 Conredus
1432 3349 1642 3443 burgravius
1666 3347 1712 3422 de
1726 3347 1957 3439 Nummbsrg,

554 3471 727 3550 Gerardns
742 3496 857 3549 comcs
879 3475 925 3549 de
943 3475 1055 3570 Dietz,
1076 3475 1257 3550 Heinricus
1276 3495 1392 3550 comes
1411 3475 1464 3549 de¹
1480 3475 1703 3570 Ortsmbnrg,
1723 3471 1960 3546 Hiltibrendus

555 3600 762 3674 mmmicm
773 3599 999 3697 deRebberg,
1015 3601 1193 3676 Conradus
1201 3601 1365 3698 pincerna
1376 3600 1422 3676 dc
1434 3601 1704 3690 Wiutcrstetten‚
1719 3608 1755 3674 et
1766 3599 1826 3674 ulii
1838 3619 1959 3694 quam·

551 3724 682 3822 plures.

601 3848 686 3924 Acta
713 3859 794 3924 sunt
818 3849 883 3925 hec
913 3872 1005 3926 anne
1033 3849 1206 3926 dominice
1236 3851 1481 3926 incarnationis
1508 3851 1555 3924 u.
1581 3849 1643 3924 CC.
1671 3847 1778 3940 XXV,
1799 3857 1960 3945 regnante

554 3976 684 4052 domno
700 3975 859 4050 Heinrico
876 3976 1102 4052 invictissimo
1119 3978 1350 4052 Romanorum
1368 3997 1462 4072 rege,
1479 3997 1571 4050 auno
1587 3975 1686 4070 regni
1700 3975 1776 4069 ejus
1794 3975 1836 4048 V.

601 4105 727 4176 Datum
744 4101 841 4198 apud
859 4103 1091 4198 Nursmberg,
1106 4104 1151 4178 vl
1168 4123 1277 4178 nones
1286 4103 1383 4198 julii,
1404 4101 1594 4177 indictione
1605 4102 1698 4176 Xlii.

806 4361 1024 4371 u-u--n-—ua--n-...mu
1032 4363 1053 4370 --
1060 4359 1597 4372 ---,..-.----»---.-ῳ.-.-.-...--.,
1605 4359 1721 4368 ...---.ι

405 4607 467 4662 tud
606 4589 807 4696 Esuriens,
833 4590 1092 4676 Romanorum
1109 4617 1177 4676 rex
1184 4653 1198 4697 ,
1223 4589 1453 4676 monasterio
1480 4591 1680 4676 Scotorum
1698 4587 1802 4700 apud
1826 4585 1958 4674 Ratis-

362 4660 483 4706 Nurembcr
503 4689 510 4716 ‚

392 4674 498 4773 ’ΜΕ
555 4749 697 4836 ponam
714 4725 970 4835 possessiones
988 4733 1025 4810 et
1042 4724 1144 4810 bona
1162 4725 1246 4838 ejus
1263 4725 1476 4812 coufirmat.
