4324 5916
567 570 629 635 888
1092 571 1264 634 nunniti
1288 573 1459 636 saarim
1796 575 1876 660 [An.
1895 582 1979 646 ianr.

567 706 732 802 pincerne
755 704 801 779 de
824 705 1077 801 Wiutirstetin,
1099 708 1321 784 Burohardns
1350 711 1396 786 de
1426 709 1678 805 Hobenburob,
1703 711 1925 790 Burobardus
1949 729 1981 792 et

567 830 766 904 Waltharus
791 829 836 904 de
853 831 1089 924 Hohenvelse,
1115 833 1279 908 Rodolius
1298 845 1334 908 et
1362 834 1583 910 Burobardus
1607 835 1653 910 de
1675 837 1898 933 liamesbero,
1915 843 1979 916 llo-

569 955 685 1030 dolius
703 954 748 1028 de
760 953 917 1048 Arboua,
935 957 1128 1031 Fridorions
1146 959 1191 1034 do
1205 959 1416 1052 Bongorton,
1429 959 1673 1034 Heberlrardus
1686 961 1733 1036 de
1744 964 1976 1059 Froneboven,

569 1079 813 1154 Hoberherdus
825 1089 860 1154 et
877 1081 1059 1156 Bertoldos
1076 1083 1122 1158 de
1137 1083 1319 1180 Limpuoh,
1344 1093 1379 1158 ot
1401 1085 1462 1158 alii
1477 1087 1713 1181 quamplures.

618 1205 745 1277 Datum
758 1205 855 1301 apud
868 1205 1102 1300 Winegurteu,
1119 1229 1181 1303 per
1196 1229 1339 1280 manum
1355 1209 1505 1282 ilainrioi
1518 1209 1789 1284 Constantiensis
1803 1213 1976 1309 prepositi,
2129 1243 2130 1314 i

568 1327 756 1424 imperialis
782 1330 864 1402 aule
887 1331 1148 1424 prothonotarii,
1171 1341 1293 1406 octavo
1318 1333 1399 1406 idus
1424 1333 1638 1423 novembris,
1669 1335 1857 1410 indictione
1880 1339 1980 1412 emir

569 1451 704 1526 decima
722 1452 785 1552 (a),
804 1475 896 1528 annu
911 1456 957 1528 ab
973 1457 1207 1530 inoumations
1220 1457 1355 1532 Domini
1370 1457 1553 1532 millesimo
1566 1457 1631 1530 CC‘
1647 1461 1724 1532 XX⁰
1741 1461 1811 1532 Vi·.

1372 1767 1749 1782 ᾞ--ι-ι-

626 2051 829 2157 Hannone,
858 2049 1120 2136 Romanorum
1146 2073 1232 2154 rex,
1256 2047 1531 2134 monasterium
1559 2049 1740 2162 Ursperg,
1764 2051 1874 2163 cujus
1906 2051 1982 2136 ad-

573 2187 780 2291 vocatiam,
805 2209 829 2266 a
855 2192 962 2292 patre
989 2207 1059 2265 suo
1076 2181 1266 2266 Friderioo
1284 2181 1316 2266 ΙΙ
1334 2182 1445 2266 titulo
1466 2183 1638 2293 pignoris
1655 2184 1885 2296 obligatum,
1903 2186 1983 2269 du-

575 2320 694 2406 oentis
708 2316 887 2400 marcisa
909 2315 1123 2424 praeposito
1140 2325 1178 2398 et
1191 2314 1374 2400 iratribus
1394 2315 1566 2427 ejusdem
1583 2317 1738 2402 claustri
1765 2319 1982 2429 persolutio,

576 2481 623 2539 ex
640 2459 824 2563 potestate
848 2449 992 2532 Alberti
1018 2449 1067 2532 de
1092 2448 1318 2534 Niwenbnro
1344 2451 1576 2558 redemerat,
1604 2451 1678 2536 sub
1699 2479 1770 2536 sua
1786 2465 1826 2536 et
1841 2451 1984 2562 imperii

575 2597 757 2700 perpetua
782 2583 1013 2694 protectione
1029 2582 1180 2691 reeipit3
1200 2584 1456 2692 possessiones
1481 2583 1596 2666 etiam
1622 2584 1705 2695 ejus
1731 2596 1769 2669 et
1794 2585 1984 2694 privilegia

576 2721 794 2824 oonfirmat,
815 2717 1127 2802 ministerialibus
1146 2743 1301 2828 quoque
1318 2717 1398 2802 suis
1416 2725 1454 2801 et
1470 2717 1619 2828 imperii
1636 2745 1697 2802 res
1714 2719 1885 2829 ipsorum
1906 2745 1985 2803 mo-

576 2853 742 2939 nastario
759 2853 952 2963 praedicto
970 2851 1141 2935 conferre
1163 2851 1346 2960 permittit
1352 2913 1364 2954 ,
1385 2851 1607 2935 electionem
1625 2853 1789 2964 deniqne
1805 2853 1983 2936 defenso-

576 2989 630 3072 ris
648 2987 828 3072 inanibus
847 2986 1018 3097 ejusdem
1037 2985 1256 3070 monasterii
1270 2983 1454 3068 oonoedit.

655 3233 745 3310 (Edit.
759 3247 809 3310 up.
824 3229 927 3304 lineo,
942 3225 1051 3290 Asuui.
1062 3227 1286 3304 mmmmm.
1297 3227 1327 3289 11
1333 3225 1467 3306 ,probat
1480 3243 1512 3306 p.
1527 3237 1599 3298 tot,
1611 3229 1722 3291 omisso
1733 3233 1835 3291 tumim
1848 3245 1986 3292 anno.-

694 3338 812 3411 Lorne,
826 3329 962 3416 Spiritu.
979 3331 1084 3410 ocrim,
1094 3336 1140 3396 ΠΙ
1153 3333 1243 3408 tirell,
1258 3351 1289 3413 p.
1307 3343 1417 3396 ets-
1427 3333 1556 3396 idom
1565 3335 1742 3406 ammon.
1757 3335 1983 3414 XXX,purs1·,

696 3461 725 3523 n
746 3453 813 3518 tto,
828 3459 866 3506 ex
879 3441 1015 3521 originali
1028 3445 1116 3520 cujus
1136 3441 1268 3522 sigilium
1286 3443 1391 3520 periit,
1409 3441 1631 3506 remanentibus
1646 3448 1764 3504 tanturn
1781 3440 1840 3504 iiiia
1862 3443 1941 3504 rubri
1957 3445 1986 3502 et
2131 3509 2132 3526 ἢ

696 3551 767 3614 tavi
781 3547 910 3628 eoloris.)
2131 3551 2132 3590 l

627 3765 817 3840 innomine
833 3778 949 3837 sancte
964 3773 999 3836 et
1013 3761 1196 3837 individue
1212 3761 1399 3836 Trinitatis.
1420 3763 1600 3836 Heinrious
1614 3763 1676 3838 Dei
1695 3762 1804 3858 gratia
1817 3763 1984 3836 Romano·

578 3915 656 3966 rum
674 3913 738 3965 ren
756 3899 790 3963 et
811 3911 945 3986 semper
958 3899 1140 3985 augustus.
1165 3887 1334 3962 Omnibus
1350 3889 1412 3984 qui
1428 3889 1495 3962 sub
1513 3897 1627 3962 nostru
1640 3889 1765 3962 vivunt
1781 3887 1910 3961 ditione
1923 3909 1985 3960 vo-

579 4021 708 4108 lumus,
723 4014 812 4088 siout
825 4011 991 4087 condecet
1006 4013 1172 4110 principis
1185 4013 1443 4104 sublimitatem,
1455 4013 1491 4085 in
1509 4035 1574 4087 suo
1586 4015 1665 4106 jure
1680 4013 1850 4102 assistere,
1861 4011 1985 4108 specia-

580 4144 647 4216 lius
672 4149 788 4214 autem
814 4133 975 4232 religiosa
1001 4137 1077 4210 loca
1101 4147 1136 4210 et
1161 4157 1324 4233 personas
1348 4137 1434 4210 inibi
1463 4137 1536 4232 regi
1569 4137 1721 4211 celorum
1751 4135 1935 4209 militantes
1956 4143 1986 4208 et

579 4271 690 4341 Deum
716 4285 778 4360 pro
805 4271 921 4336 nostra
946 4270 980 4334 et
1010 4261 1156 4336 aliorum
1182 4261 1378 4359 principum
1407 4271 1443 4335 et
1469 4263 1589 4358 populi
1615 4261 1797 4334 Christiani
1824 4261 1934 4334 salute
1956 4267 1986 4332 et

581 4389 725 4463 victoria
743 4385 957 4482 frequentius
979 4395 1162 4458 exorantes
1186 4395 1343 4460 tenemur
1361 4387 1563 4482 ooniovere,
1583 4396 1619 4460 et
1636 4385 1721 4484 ipsis
1733 4387 1813 4479 jura
1830 4406 1895 4457 sua
1912 4405 1985 4458 oon·

582 4537 721 4590 servare
750 4524 786 4587 et
811 4511 1029 4608 protectionis
1055 4520 1091 4584 ot
1114 4509 1381 4586 confirmationis
1406 4521 1522 4586 nostra
1550 4512 1676 4587 virtute
1702 4509 1900 4586 defendere.
1917 4509 1985 4595 Quo

622 4714 663 4792 (a)
683 4709 747 4786 Slo;
763 4716 840 4771 rocio
853 4715 953 4771 tomtn
965 4706 1070 4788 quinta
1082 4702 1201 4770 decimo
