4324 5916
350 4294 386 4380 ..tt

387 4296 427 4338 00

350 4341 438 4392 tn,um

391 4393 425 4436 brl

387 4229 500 4272 mentun

415 4283 513 4326 eretrFlc

445 4337 520 4380 decem

435 4393 495 4436 1220.

537 517 599 580 ola
1088 515 1397 584 contrahente.

539 674 601 726 sen
620 651 665 726 de
682 652 810 747 quibus
827 652 864 725 in
880 673 922 726 ec
941 651 978 723 Iit
993 652 1142 746 mentic;
1161 654 1315 728 volentes
1330 665 1436 752 atque
1447 651 1618 750 imperiali
1629 651 1741 727 edicto
1757 651 1946 725 sancientes

539 787 578 848 ut
594 777 709 872 ipsum
726 797 909 850 commune
926 788 961 849 ct
977 777 1101 850 civitas
1117 775 1271 852 detensis
1292 801 1334 854 ea
1356 777 1473 853 omnia
1489 763 1665 852 deucere
1680 776 1849 868 habeant,
1866 796 1945 872 pos·

538 901 674 974 sideant
709 912 814 996 atque
848 901 1024 974 detineant
1051 905 1251 978 auctoritate
1283 903 1452 1002 imperiali
1483 903 1560 976 sine
1591 901 1775 995 cujuslibet
1803 921 1947 996 persone

539 1025 823 1120 contradictione,
844 1028 964 1122 cisque
990 1028 1117 1102 amodo
1143 1028 1286 1126 pacifice
1307 1038 1461 1102 utantur.
1481 1027 1581 1101 Unde
1603 1024 1698 1099 istud
1727 1023 1946 1120 privilegium

540 1152 631 1224 dicte
649 1152 780 1224 civitati
802 1161 837 1224 et
853 1153 1027 1226 communi
1044 1175 1092 1228 ex
1112 1163 1204 1228 certa
1219 1155 1363 1230 scientia
1380 1155 1418 1228 in
1437 1151 1670 1250 prejudicium
1687 1150 1876 1244 cujuslibet
1899 1149 1948 1222 li-

538 1275 699 1349 beraliter
729 1277 948 1349 contulimus.
977 1277 1023 1350 Ut
1052 1277 1170 1373 itaque
1197 1279 1262 1352 hec
1290 1277 1523 1352 renovationis
1553 1287 1658 1372 atque
1684 1273 1949 1348 confirmationis

540 1411 655 1472 nostre
673 1403 782 1473 forma
799 1401 985 1496 sepedictis
1000 1399 1203 1476 Astansihus
1214 1413 1380 1500 perpetuo
1396 1404 1441 1477 sit
1454 1401 1615 1494 valitura,
1630 1401 1698 1474 hoc
1717 1400 1883 1497 scriptum
1900 1397 1950 1471 eis

541 1525 749 1598 indulsimus
765 1525 879 1619 sigillo
895 1535 1011 1599 nostro
1028 1527 1292 1600 communitum.

591 1650 821 1723 interfuerunt
851 1659 953 1724 testes
980 1650 1185 1726 Bartholdus
1210 1651 1403 1748 patriarcha
1429 1648 1691 1746 Aquilegensis,
1719 1647 1866 1722 Sihidus
1893 1667 1948 1718 ar·

543 1771 782 1870 chiepiseopus
796 1775 1032 1870 moguntinus,
1049 1775 1197 1849 Iacchus
1211 1774 1432 1849 laurinensis
1444 1776 1642 1872 episcopus,
1658 1774 1826 1846 hienricus
1838 1773 1949 1844 Benc-

544 1898 673 1972 nienais
694 1900 890 1996 episcopus,
909 1899 1115 1973 Bertholdus
1130 1901 1319 1973 Brixieusis
1336 1900 1532 1996 episcopus,
1550 1897 1713 1972 hibertus
1730 1895 1949 1970 Tridentinus

543 2025 686 2117 electus,
705 2024 907 2098 Guilielmus
920 2025 1073 2098 marchio
1091 2022 1347 2114 Montislerrah,
1367 2024 1545 2099 Conradus
1561 2033 1596 2098 et
1612 2024 1720 2096 Ohiuc
1738 2021 1950 2095 marchiones

545 2151 751 2245 Malaspine,
773 2149 955 2224 Anselmus
975 2151 1020 2226 de
1041 2153 1222 2248 lustingen
1243 2153 1489 2246 marescalcus,
1509 2151 1712 2226 warnerius
1731 2147 1868 2246 dapifer
1884 2147 1951 2218 inn-

546 2273 646 2368 perii,
663 2273 860 2347 Ilberardus
875 2272 919 2346 de
936 2275 1038 2346 Lutra
1053 2273 1116 2370 (a),
1129 2285 1164 2348 et
1180 2275 1238 2348 alii
1254 2275 1489 2372 quamplures.
1512 2348 1516 2357 ,

594 2397 738 2492 Signum
757 2397 890 2470 domini
904 2397 1066 2472 lhiderici
1087 2400 1301 2474 invictissimi
1319 2399 1550 2474 Romanorum
1562 2395 1799 2496 imperatoris,
1821 2413 1952 2490 semper

546 2523 685 2615 augusti
701 2531 735 2596 et
747 2523 839 2618 regis
853 2523 979 2598 Sicilie.

593 2648 666 2740 Ego
687 2647 863 2721 Conradus
879 2649 1042 2723 Metensis
1058 2657 1093 2722 et
1109 2649 1281 2744 Spirensis
1297 2649 1494 2746 episcopus,
1515 2648 1702 2744 imperiaIIs
1719 2648 1799 2721 aule
1816 2647 1952 2720 cancel-

545 2771 673 2864 larius,
701 2772 936 2847 vicedomini
967 2773 1165 2870 Engelberti
1197 2773 1406 2850 Coloniensis
1436 2773 1688 2872 archiepiscopi
1720 2773 1825 2846 totius
1861 2772 1953 2846 ltalia

544 2897 851 2992 archicancellarii,
872 2899 947 2974 vidi
963 2910 998 2972 et
1013 2901 1212 2994 recognovi.

594 3021 681 3096 ricta
696 3033 778 3094 sunt
797 3023 862 3096 heo
882 3044 974 3096 anno
997 3024 1134 3096 Domini
1157 3019 1328 3116 mccxx,
1359 3024 1548 3120 imperante
1574 3022 1716 3096 dominu
1731 3019 1903 3094 Fridericc
1925 3019 1953 3092 ll

547 3145 668 3221 divina
698 3148 836 3220 lavante
868 3147 1049 3221 clementia
1079 3149 1309 3222 Romanorum
1335 3147 1560 3244 imperatore,
1591 3167 1727 3242 semper
1750 3153 1899 3238 auguste
1922 3151 1955 3218 et

550 3272 699 3366 gloriose
715 3293 797 3366 rege
814 3271 942 3361 Sicilie,
960 3294 1051 3347 anno
1066 3271 1201 3369 imperii
1217 3273 1327 3369 ipsius
1345 3274 1374 3366 l,
1390 3273 1488 3368 regni
1503 3293 1588 3346 vero
1604 3257 1719 3344 Sicilie
1733 3271 1856 3343 XXIII.

598 3399 724 3472 Datum
734 3397 801 3470 suh
811 3408 927 3475 moute
937 3399 1083 3473 Rossulo
1095 3419 1202 3497 prope
1214 3401 1407 3496 spatarium
1416 3397 1632 3496 (Saturium),
1642 3419 1705 3494 per
1715 3417 1858 3470 manum
1865 3395 1952 3469 llan-

551 3523 613 3596 rici
627 3523 791 3619 prepositi
813 3523 1096 3618 constantiensis,
1115 3544 1208 3599 anno
1228 3524 1480 3622 suprascripto,
1500 3525 1545 3599 ill
1563 3523 1728 3598 kalendas
1747 3519 1950 3609 decembris,

551 3648 813 3723 indIctlcnelX.

783 3931 1747 3952 ffl-——nffl

608 4215 842 4322 fridericus,
864 4213 1124 4301 Romanorum
1151 4215 1372 4326 imperator,
1393 4215 1568 4300 Conrado
1586 4221 1624 4298 et
1642 4209 1823 4322 Opinacni
1849 4229 1952 4288 mar-

485 4348 756 4435 em'chionihus
782 4349 1013 4460 MelespInae
1039 4359 1077 4434 et
1102 4376 1235 4434 eorum
1259 4347 1487 4434 haeredibus
1504 4371 1636 4434 omnes
1653 4342 1907 4455 possessiones
1922 4341 1956 4420 et

556 4486 686 4570 omnia
699 4483 789 4595 jura
806 4484 948 4570 ibidem
966 4509 1143 4594 expressa
1162 4483 1202 4568 in
1225 4483 1383 4572 leudam
1399 4481 1572 4568 concedit
1555 4489 1626 4566 tet
1641 4477 1855 4564 confirmet.

598 4681 641 4759 (c)
662 4679 698 4738 lu
710 4677 853 4754 impressu
865 4673 900 4737 de
912 4675 1004 4749 tce,
1022 4676 1108 4738 male.
