4326 5910
543 583 604 648 792
1069 575 1240 639 litante!
1267 577 1434 642 saarim
1772 583 1854 664 [An.
1874 585 1959 650 1224

547 741 628 793 cnm
638 715 800 792 omnibns
810 712 952 808 justitiis
964 721 999 787 ct
1011 713 1203 788 rationibus
1213 715 1286 788 suis
1299 714 1383 814 (o)],
1394 717 1658 812 pietatisamorc
1668 717 1778 814 ducti,
1792 719 1961 799 denodra

547 841 751 917 liberalitate
768 839 880 913 taliter
902 837 1109 912 conterimus
1128 847 1168 912 nt
1188 841 1306 914 nullus
1326 841 1470 915 omnino
1485 841 1697 935 advocatus,
1717 845 1887 921 scultetus
1906 851 1962 924 vel

548 970 616 1043 alia
636 967 715 1041 licet
731 965 858 1039 nobilis
872 985 1020 1062 persona
1037 964 1083 1038 ab
1100 985 1144 1038 eo
1161 973 1258 1039 autu
1273 965 1348 1040 snis
1364 965 1565 1040 hominibus
1578 967 1758 1042 &vitium
1773 971 1896 1067 exigat
1906 975 1962 1048 vel

547 1095 711 1190 requirat.
724 1093 883 1167 Pretereu
913 1089 1005 1162 sicut
1033 1087 1198 1162 dominns
1220 1090 1404 1186 imperator
1431 1089 1636 1165 Fredericus
1653 1089 1703 1190 (d)
1726 1096 1963 1171 mmsdrnns

547 1227 773 1317 paternoster
788 1213 1096 1312 ctrexPhilippus
1116 1223 1262 1311 patruus
1280 1237 1366 1289 suns
1379 1212 1426 1312 (c)
1444 1216 1559 1312 ipsum
1578 1219 1823 1292 monasterium
1840 1219 1878 1292 in
1898 1243 1963 1296 suo

544 1346 624 1440 jure
641 1343 831 1416 litterarum
849 1363 992 1415 suarum
1010 1341 1203 1437 privilegiis
1219 1339 1443 1432 roborarunt,
1463 1341 1511 1416 itu
1525 1350 1561 1415 et
1577 1363 1642 1416 nos
1657 1342 1778 1419 divine
1795 1367 1963 1422 remune-

548 1467 691 1543 rationis
705 1465 833 1539 intuitu
852 1489 894 1540 ca
914 1488 985 1562 que
1011 1488 1105 1540 nunc
1126 1467 1184 1540 vcl
1207 1466 1244 1538 in
1268 1474 1443 1562 posterum
1455 1467 1549 1560 juste
1566 1467 1744 1565 possidere
1758 1471 1902 1566 potcrit,
1923 1482 1963 1546 ut

548 1594 646 1668 illesa
661 1601 695 1666 et
711 1592 839 1666 intacta
850 1591 896 1666 ab
910 1591 1073 1665 omnibns
1088 1591 1155 1664 snb
1167 1599 1284 1664 nostro
1301 1589 1456 1666 dominio
1469 1591 1672 1668 viventibus
1684 1605 1910 1692 permaneant
1924 1597 1960 1669 in

548 1717 690 1817 speciali
708 1727 821 1791 nostra
839 1716 1051 1813 protectione
1062 1724 1236 1812 suscepta,
1253 1715 1358 1808 sigilli
1372 1716 1480 1790 nostri
1494 1717 1689 1793 munimine
1702 1717 1958 1796 ccnfimamns.

597 1844 714 1917 Testes
731 1851 848 1916 anam
866 1850 948 1915 sunt
963 1841 1001 1940 hi
1017 1841 1058 1914 Ε.
1079 1839 1132 1940 (d)
1147 1839 1428 1938 archiepiscopus
1443 1841 1668 1934 Coloniensis,
1683 1841 1722 1916 C.
1737 1845 1962 1920 cancellarius

547 1967 732 2066 episcopus
745 1965 928 2063 Spirensis,
949 1967 993 2038 Η.
1012 1965 1167 2040 marchio
1181 1966 1227 2040 de
1243 1965 1376 2060 Euticu,
1397 1967 1438 2042 ll.
1456 1965 1629 2064 palatinus
1645 1965 1690 2042 dc
1703 1967 1885 2064 Tnbingen
1900 1967 1958 2068 (c),

548 2093 593 2166 Η.
615 2091 776 2184 deNillo,
797 2113 913 2164 comcs
930 2089 976 2165 de
991 2091 1104 2183 Dissa,
1121 2101 1157 2164 et
1169 2091 1272 2165 ceteri
1289 2089 1421 2165 domini
1436 2092 1529 2188 mgis
1544 2091 1644 2166 liberi
1656 2101 1690 2167 et
1706 2092 1957 2168 ministeriales.

596 2219 722 2290 Datum
739 2217 915 2312 Hagenoe,
934 2238 1027 2291 nnnc
1041 2213 1179 2290 Domini
1192 2215 1375 2292 millesimo
1389 2215 1626 2292 ducentesimo
1639 2218 1810 2314 vigesimo
1823 2227 1960 2316 quartu,

547 2341 736 2416 indictione
758 2337 999 2440 [duo]decima
1014 2339 1081 2440 (t).

1644 2665 1747 2682 .-

601 2980 804 3086 llenricus,
825 2977 1087 3063 Romanorum
1104 3000 1191 3082 rex,
1211 2999 1289 3058 una
1310 2997 1400 3058 cum
1418 2972 1588 3085 genitore
1606 2995 1695 3077 suo,
1717 2969 1909 3057 Friderico
1930 2969 1965 3056 ll

404 3097 417 3130 ⁸
481 3119 488 3134 '
547 3119 794 3228 imperatore,
822 3111 1021 3196 renunciat
1042 3108 1259 3194 advocatiae
1285 3107 1507 3192 monasterii
1534 3105 1866 3218 campidonensis,
1892 3130 1965 3216 pro

586 3307 626 3384 (a)
646 3305 743 3368 Locus
765 3305 820 3364 iste
842 3303 929 3364 unols
950 3301 1084 3364 lnclutus
1106 3298 1189 3362 deest
1209 3315 1259 3378 ap.
1274 3298 1378 3380 llugm
1391 3313 1455 3362 non
1476 3302 1632 3378 suspectus
1653 3302 1753 3360 tamen
1771 3296 1900 3358 videtur.
1913 3293 1962 3358 ct.

548 3407 975 3492 commmentatores·
988 3407 1085 3488 (vll),
1100 3423 1130 3484 ρ
1146 3415 1216 3482 217,
1232 3414 1266 3468 n⁰
1280 3415 1337 3483 5²3
1351 3407 1404 3486 qul
1416 3404 1622 3468 tantummodo
1635 3404 1793 3486 lingonum
1805 3407 1960 3466 mcmorm.

587 3519 622 3598 (d)
642 3521 700 3598 Δρ.
714 3514 944 3598 Hugosratrom
954 3531 1007 3594 pro
1020 3509 1199 3590 diedericus,
1214 3514 1300 3576 mala

589 3625 626 3707 (c)
648 3627 769 3704 Legitur
787 3642 837 3702 ap.
855 3625 993 3702 Petrum,
1011 3621 1064 3683 sed
1083 3621 1160 3682 male
1185 3639 1193 3681 r
1216 3621 1292 3683 sicut
1314 3617 1394 3684 tana
1415 3616 1621 3682 recordationis
1641 3601 1784 3682 decada
1804 3617 1965 3700 tepente

543 3741 632 3815 poter
645 3740 741 3794 cosm
753 3737 780 3794 et
795 3747 851 3792 rec
870 3725 1025 3808 Philippus
1034 3734 1163 3808 potrum
1175 3733 1282 3789 amtcr.

589 3839 629 3921 (dl
648 3843 705 3918 Δρ.
722 3841 840 3900 Petrum
857 3837 905 3910 0.,
922 3853 971 3913 ap.
987 3837 1075 3914 liuga
1088 3835 1124 3896 H.
1129 3853 1147 3912 ,·
1160 3833 1248 3897 ambo
1261 3835 1350 3896 male.

588 3947 626 4028 (c)
648 3949 706 4027 Δρ.
719 3947 808 4024 lingo
821 3945 998 4026 dominoco,
1011 3943 1100 4005 male.

584 4241 620 4318 (t)
640 4241 749 4316 Legitur
763 4239 835 4314 apud
846 4239 971 4296 Petrum:
985 4239 1084 4296 dotum
1096 4235 1231 4310 Euocant,
1244 4250 1317 4292 onoc
1328 4235 1406 4293 Dum.
1424 4235 1505 4306 tant,
1518 4239 1547 4292 et
1555 4231 1627 4309 apud
1641 4233 1718 4307 llugo
1730 4249 1738 4290 z
1751 4231 1817 4290 not.
1828 4229 1962 4305 dopmno,

546 4357 619 4400 onoc
635 4341 714 4396 Dcm.
727 4340 808 4408 latit,
824 4335 921 4396 indict.
941 4335 1048 4394 doctam
1062 4353 1070 4390 ε
1084 4333 1156 4408 qnod
1170 4333 1208 4392 itu
1224 4338 1287 4407 post
1298 4331 1477 4391 lloehmenrm
1489 4329 1670 4402 comminuam,
1685 4329 1749 4388 licet
1759 4343 1902 4405 perperam
1914 4327 1965 4386 has

547 4445 625 4498 notas
638 4435 838 4510 chronologicas
852 4441 883 4493 ut
895 4435 968 4510 apud
980 4433 1056 4508 llugo
1070 4437 1191 4507 repertas
1204 4430 1314 4490 indicet.
1329 4433 1413 4489 Deest
1430 4431 1458 4487 in
1476 4429 1582 4488 dnobus
1594 4429 1697 4488 condo
1709 4427 1821 4486 menam.
1835 4425 1889 4486 Sed
1900 4441 1965 4484 cum

547 4535 687 4595 nomadas
704 4533 840 4608 Spirensis
853 4533 995 4608 episcopus
1010 4531 1062 4589 hoc
1081 4530 1140 4604 ipso
1155 4545 1226 4588 anno
1240 4544 1335 4588 mense
1353 4527 1450 4587 martio
1469 4526 1633 4599 decesserit,
1647 4526 1724 4600 cujus
1736 4539 1878 4584 succeoecr
1890 4522 1964 4583 dce-

547 4635 616 4693 simo
627 4634 741 4706 septimo
755 4633 799 4690 die
810 4632 898 4688 martii
908 4633 965 4706 jam
980 4635 1121 4705 appareat,
1135 4644 1248 4687 necesse
1262 4627 1292 4686 lit
1304 4633 1335 4685 ut
1348 4627 1420 4686 circa
1435 4625 1599 4686 lebruarium
1611 4623 1664 4684 hoc
1676 4637 1784 4700 qucqoe
1794 4619 1964 4698 privilegium

546 4729 741 4788 adscribamus.
756 4727 862 4786 -Vid.
878 4727 960 4800 ind-a,
976 4743 1004 4802 p.
1018 4727 1081 4799 lac,
1096 4730 1154 4784 not.
1169 4728 1196 4781 t.
