4324 5916
790 611 1102 675 lllllll'l'llhlllbl'l'll.
1586 603 1648 668 915

314 773 442 856 (Fdlder.
456 773 580 848 Lauro,
598 769 669 833 dod.
684 767 753 834 nat.
767 769 928 853 diplomat,
944 781 967 834 t.
981 775 1027 852 11,
1041 791 1073 852 p.
1090 781 1160 836 tto.
1172 805 1213 819 -
1224 771 1381 834 Marmonr
1390 815 1399 847 ,
1415 767 1482 832 God
1494 765 1644 850 diplomat.

355 877 528 960 nauspre,
542 895 612 957 pars
625 880 673 954 ll,
687 897 715 958 p
734 888 770 942 lt
785 885 816 940 ct
830 889 875 942 14.
886 881 962 944 Fere
972 882 1011 944 da
1024 883 1114 943 verbo
1125 881 1165 942 nd
1181 881 1305 942 verbum
1317 885 1491 942 remeatum
1501 893 1539 939 ex
1553 879 1648 956 privt-

304 1057 306 1063 ,
354 989 431 1068 legio
443 986 1048 1067 summotummrrecsptnrrs,
1062 985 1185 1066 Ibidem,
1207 1005 1239 1066 p.
1255 987 1338 1068 tte.)

284 1202 324 1272 ln
340 1201 478 1274 nomine
499 1209 617 1274 sancte
638 1209 673 1274 et
693 1200 877 1274 individue
894 1201 1079 1275 Trinitatis.
1099 1201 1343 1275 Fridericusll
1366 1199 1486 1273 divina
1509 1199 1648 1273 favente

237 1325 416 1398 clementia
439 1326 673 1400 Romanorum
700 1324 897 1420 imperator,
918 1349 1053 1424 semper
1068 1337 1239 1422 augustus
1257 1335 1293 1398 et
1316 1347 1379 1400 rex
1395 1323 1522 1398 Sicilie.
1542 1322 1649 1420 Apud

237 1450 365 1524 fontem
388 1449 576 1546 imperialis
596 1449 783 1524 eminentie
801 1448 883 1524 lidei
904 1450 1101 1540 sinceritas,
1122 1451 1277 1548 preclara
1295 1447 1434 1524 devotio
1451 1457 1486 1522 et
1507 1448 1651 1522 honesta

238 1697 333 1794 cipes
351 1709 387 1772 et
406 1699 456 1772 illi
470 1701 532 1796 qni
550 1721 613 1796 pm
627 1698 806 1774 dilaundo
823 1700 1011 1798 imperialis
1033 1723 1161 1802 compe
1178 1702 1264 1774 solio
1282 1699 1430 1773 fideliter
1451 1699 1650 1772 laborarunt

237 1823 275 1896 in
297 1824 478 1897 desideriis
496 1825 570 1898 suis
586 1844 778 1918 congruum
794 1824 953 1898 ellectum
967 1827 1132 1922 consequi
1149 1826 1244 1901 omni
1263 1837 1415 1922 tempore
1433 1822 1650 1897 laudabiliter

237 1957 450 2024 meruerunt.
465 1950 681 2047 Quapropter
698 1949 940 2023 universorum
957 1951 1092 2046 imperii
1109 1950 1263 2024 lidelium
1280 1949 1415 2022 noverit
1430 1957 1504 2021 etas
1516 1958 1552 2022 et
1565 1969 1650 2020 suc-

239 2093 378 2147 cessura
400 2075 579 2170 posteritas
597 2073 693 2170 quod
712 2095 775 2148 nos
794 2074 928 2148 dilectis
946 2074 1156 2148 charissimis
1173 2085 1208 2148 et
1229 2073 1391 2148 fidelibus
1411 2073 1535 2146 nostris
1555 2073 1650 2145 Con-

237 2195 324 2271 rado
345 2205 380 2271 et
401 2198 563 2296 Opizzeni
586 2199 843 2274 marchionibus
861 2199 1052 2296 Malaspine
1069 2221 1130 2296 pro
1147 2220 1266 2272 eorum
1284 2196 1475 2292 magnificis
1495 2207 1529 2270 et
1546 2197 1648 2272 cleris

238 2322 387 2396 servitiis
410 2332 446 2396 et
461 2323 648 2397 heredibus
673 2324 747 2396 suis
772 2323 932 2418 legitimis
956 2323 1181 2398 concedimus
1204 2332 1239 2397 et
1264 2321 1507 2398 confirmamus
1533 2321 1649 2396 omnia

238 2468 308 2542 que
324 2447 361 2518 in
378 2448 542 2522 lannensi
563 2448 716 2522 marchia
738 2449 794 2522 rel
818 2449 853 2520 in
877 2449 1172 2546 archiepiscopatu
1192 2451 1268 2544 ejus
1283 2456 1514 2522 antecessores
1530 2467 1651 2520 eorum

239 2570 486 2646 rationabiliter
502 2573 631 2648 hahere
646 2573 715 2646 visi
732 2582 824 2666 sunt,
846 2583 917 2646 tam
932 2573 967 2644 in
982 2573 1121 2646 civitate
1136 2595 1241 2668 quam
1259 2581 1370 2663 exue,
1391 2593 1471 2644 com
1489 2571 1651 2644 omuibus

239 2696 414 2790 regalibus
433 2707 468 2770 et
487 2720 568 2772 cum
590 2699 753 2772 omnibus
776 2698 832 2772 his
848 2720 918 2794 que
935 2697 982 2771 ad
1000 2700 1151 2794 ipsorum
1170 2696 1356 2770 marchiam
1374 2698 1548 2791 pertinere
1566 2716 1650 2768 nos-

240 2830 366 2894 cuntur
379 2845 459 2896 cum
474 2823 569 2896 omni
587 2823 717 2898 honore
735 2832 771 2897 et
792 2823 968 2916 districtu,
987 2831 1023 2898 et
1039 2822 1259 2896 medietatem
1271 2822 1427 2896 omnium
1448 2842 1567 2894 eornm
1581 2841 1652 2916 que

239 2942 436 3018 babuerunt
448 2947 485 3018 in
496 2947 647 3022 lavania
660 2956 694 3021 et
707 2948 744 3020 in
758 2948 850 3024 valle
861 2947 1023 3040 Segestri,
1039 2947 1221 3020 Castellum
1235 2947 1371 3022 Novum
1383 2968 1463 3020 cum
1478 2945 1575 3018 coria
1588 2967 1652 3018 sua

241 3077 276 3142 et
292 3070 411 3146 omnia
424 3093 517 3164 quae
538 3094 632 3146 nunc
644 3072 738 3164 justo
754 3073 854 3145 titulo
870 3071 998 3148 habent
1016 3073 1052 3144 in
1076 3073 1240 3146 comitatu
1256 3071 1429 3146 Lunensi:
1446 3069 1577 3143 curiam
1594 3069 1653 3142 vi-

242 3192 368 3268 delicet
400 3195 445 3268 de
461 3195 624 3300 slleuanio
650 3194 700 3294 (a)
729 3219 808 3270 cum
837 3199 995 3290 castello,
1025 3199 1216 3272 [arantum
1244 3217 1325 3271 cnm
1352 3195 1464 3288 curia,
1494 3206 1652 3290 quartam

241 3327 373 3412 partem
390 3319 526 3393 Rivalte
548 3329 582 3394 et
606 3322 718 3414 curie,
741 3322 936 3397 Conveniam
959 3344 1039 3396 com
1057 3323 1170 3416 curia,
1194 3333 1351 3417 quartam
1377 3331 1510 3416 partem
1531 3321 1653 3396 Benel·

242 3441 304 3514 lini
316 3441 363 3540 (h)
379 3445 425 3518 de
441 3453 553 3520 castro
568 3455 602 3520 et
617 3447 712 3521 cnria
726 3448 966 3546 Madmguani,
980 3459 1138 3545 quartam
1154 3458 1286 3546 partem
1299 3449 1401 3522 castri
1414 3457 1450 3522 et
1463 3448 1559 3521 curie
1573 3448 1654 3525 Vul-

242 3567 363 3660 lerani,
378 3578 535 3666 quartam
548 3580 679 3670 partem
694 3570 819 3648 Arcule
837 3573 894 3671 (o),
910 3585 1069 3670 quartam
1078 3583 1209 3670 partem
1222 3574 1322 3648 castri
1337 3583 1372 3648 et
1383 3574 1478 3649 curie
1490 3573 1652 3661 Ponzeni,

242 3699 400 3786 quartam
427 3701 555 3790 partem
584 3696 684 3768 castri
708 3705 743 3770 et
767 3699 862 3772 curie
882 3701 1013 3789 Massa,
1041 3709 1197 3794 quartam
1225 3708 1356 3795 partem
1384 3698 1485 3772 castri
1507 3707 1542 3771 et
1560 3697 1656 3770 curie

244 3813 422 3910 Cervario,
452 3829 609 3913 quartam
633 3831 766 3918 partem
793 3824 894 3896 castri
918 3833 953 3898 st
978 3825 1101 3898 eune.
1126 3879 1135 3896 .
1160 3877 1192 3916 .‚
1221 3833 1379 3918 quartam
1405 3830 1537 3918 partem
1561 3821 1657 3895 curie

244 3939 421 4034 Herbarie,
441 3943 603 4038 Aymillie
618 3945 669 4040 (d)
684 3956 841 4040 quartam
858 3957 1002 4043 partem,
1019 3958 1177 4044 quartam
1197 3957 1328 4045 partem
1342 3947 1442 4020 vallis
1455 3948 1571 4038 Plane,
1585 3945 1656 4020 Ga-

245 4063 316 4138 lixe
339 4065 560 4141 medietatem
584 4071 685 4144 castri
708 4079 744 4145 et
770 4072 885 4160 curie,
910 4074 1061 4146 Mentem
1087 4083 1195 4146 totum
1217 4095 1297 4145 cum
1322 4072 1436 4163 curia;
1459 4071 1656 4145 Trixianam

245 4209 325 4261 cum
343 4195 535 4283 blacerio,
551 4193 741 4291 Groppum‚
761 4196 924 4290 Fuscum,
940 4196 1126 4271 Maluidnm
1147 4219 1227 4270 cum
1244 4197 1428 4270 totacuria
1441 4204 1478 4268 et
1493 4194 1654 4291 pedagio,

286 4420 323 4498 (a)
344 4423 379 4482 ln
392 4423 484 4485 altero
497 4421 532 4486 de
544 4429 658 4489 Aramo.

286 4523 322 4604 (ll)
341 4527 455 4590 Ibidem
468 4529 601 4594 Basilici

288 4631 324 4709 (c)
343 4633 457 4698 Ibldem
468 4636 581 4701 Areo.

286 4736 325 4818 (a)
344 4741 458 4804 Ibldem
470 4742 562 4820 Aule,
576 4749 675 4810 mlnus
687 4757 776 4811 recte.
