4466 5914
468 595 529 658 602
971 592 1185 654 lutbeulcl
1210 593 1385 656 sectum
1702 593 1780 681 [Aac.
1800 595 1886 660 lane.

470 739 505 800 et
528 728 635 802 decus
651 728 828 804 extollitur
846 727 1061 822 imperatorie
1080 729 1285 821 majestatie,
1307 753 1388 802 cum
1412 729 1457 804 ad
1481 751 1564 803 suos
1588 723 1733 823 devotos
1754 730 1889 826 imperii

470 854 642 948 principes
670 873 734 948 pro
761 851 980 924 servitiorum
1007 853 1138 924 meritis
1164 863 1198 924 et
1224 851 1482 949 magnificentia
1514 855 1712 928 meritorum
1743 856 1890 951 provida

469 977 672 1050 liberalitate
687 975 893 1071 respiciens,
913 976 1048 1049 labores
1075 997 1194 1049 eorum
1221 977 1329 1071 dignu
1355 979 1581 1052 retributione
1605 980 1822 1075 prosequitur
1849 1001 1889 1052 ac

468 1103 623 1198 ipsorum
639 1100 856 1174 devotionem
872 1097 1253 1174 munifi'caliberalitate
1267 1100 1483 1200 compensat3
1499 1097 1587 1198 qu'os
1602 1103 1687 1176 dum
1703 1103 1890 1198 imperialis

468 1225 672 1299 excellentia
687 1225 864 1320 provebit,
889 1225 924 1296 in
941 1225 1161 1322 provectibus
1184 1204 1303 1298 eorum
1326 1227 1508 1302 commoda
1529 1251 1592 1301 sua
1614 1227 1829 1322 magnificat,
1855 1238 1889 1300 et

469 1350 554 1424 dum
579 1350 640 1422 uni
666 1372 712 1422 ex
734 1349 851 1422 debila
867 1351 1081 1444 gratitudine
1105 1349 1291 1446 respondet
1313 1353 1359 1426 ad
1384 1353 1526 1440 merita,
1545 1361 1734 1426 ceterorum
1754 1353 1888 1425 animos

468 1473 515 1547 ad
543 1475 598 1546 sui
624 1474 797 1546 servitutis
820 1473 1016 1547 conoborat
1040 1464 1219 1546 unitatem.
1243 1457 1388 1564 decedit
1415 1459 1518 1550 etiam
1546 1475 1715 1571 imperiali
1744 1476 1886 1548 culmini

469 1599 617 1674 decorus
643 1599 760 1670 titulus
790 1599 886 1694 apud
908 1602 1017 1672 Deum
1045 1599 1141 1693 quod
1172 1621 1234 1695 pro
1263 1601 1395 1672 meritis
1420 1621 1645 1696 personarum
1672 1601 1709 1672 in
1735 1599 1888 1673 ecclesiis

469 1725 599 1819 quibus
619 1734 761 1819 presunt
778 1733 813 1796 et
828 1723 874 1796 de
893 1746 1041 1818 quarum
1059 1724 1252 1796 substantia
1270 1725 1457 1820 imperialis
1480 1725 1608 1797 utilitas
1628 1725 1694 1796 fuit
1712 1747 1774 1820 pro
1795 1734 1888 1798 tem-

467 1869 550 1943 pore
575 1857 775 1944 procurata,
802 1848 1025 1920 ecclesiarum
1051 1857 1171 1920 auctor
1195 1857 1229 1920 et
1253 1837 1422 1922 Dominui
1449 1842 1647 1922 bonoiatur.
1674 1851 1724 1922 Ea
1750 1858 1889 1945 propter

469 1982 587 2046 notum
612 1971 686 2045 fieri
713 1973 874 2046 volumus
900 1973 1072 2045 universis
1096 1973 1231 2069 imperii
1259 1973 1422 2047 fidelibus
1447 1983 1517 2048 tam
1542 1973 1759 2070 presentibus
1781 1996 1887 2068 quam

467 2099 593 2170 futuris
616 2099 713 2193 quod
739 2097 884 2170 dilectus
903 2097 1063 2193 princeps
1089 2108 1203 2170 noster
1228 2097 1409 2188 albertus,
1434 2099 1644 2171 venerabilis
1670 2097 1887 2193 Magdebur-

468 2222 585 2318 geneis
606 2221 904 2317 archiepiscopus,
924 2243 1039 2295 coram
1066 2231 1182 2294 nostra
1210 2223 1390 2319 proposuit
1417 2224 1594 2316 majestate
1620 2222 1716 2318 quod
1742 2233 1887 2318 patruus

468 2346 644 2442 quondam
674 2354 788 2418 noster
815 2345 994 2442 Philippus
1026 2347 1257 2418 Romanorum
1286 2369 1349 2419 rex
1378 2347 1469 2419 clare
1497 2348 1660 2420 memorie
1686 2346 1829 2420 donavit
1853 2357 1887 2420 et

469 2471 637 2544 concessit
651 2471 684 2543 ei
702 2479 736 2544 et
752 2471 1043 2564 magdeburgensi
1061 2470 1205 2546 ecclesie
1220 2471 1476 2567 episcopatum,
1495 2481 1645 2543 castrum
1661 2480 1695 2542 et
1712 2471 1886 2544 civitatem

469 2597 600 2689 Lebus,
621 2594 810 2694 [humiliter
836 2596 1035 2691 supplicans
1059 2596 1109 2688 ut]
1135 2594 1169 2668 ei
1194 2617 1234 2668 ac
1257 2595 1432 2668 nominate
1458 2595 1601 2668 ecclesie
1619 2615 1682 2667 sue
1706 2593 1751 2668 de
1772 2603 1888 2668 nostra

469 2721 578 2816 gratia
599 2719 801 2793 confirmare
826 2729 861 2793 et
883 2719 1072 2793 concedere
1092 2719 1326 2813 dignaremur.
1347 2720 1416 2793 Nos
1438 2719 1544 2814 igitur
1559 2719 1774 2793 attendentes
1791 2729 1887 2814 grata

468 2855 503 2920 et
520 2847 724 2943 multiplicia
740 2845 856 2920 dilecti
872 2845 1038 2941 principis
1053 2846 1160 2918 nostri
1177 2833 1333 2934 servitia,
1348 2867 1418 2940 que
1434 2867 1503 2918 non
1516 2845 1650 2940 absque
1668 2844 1888 2939 incompara-

468 2971 598 3045 bilibus
615 2971 759 3044 ecclesie
780 2993 844 3043 sue
862 2971 999 3044 damnis
1019 2980 1055 3042 et
1074 2972 1238 3065 expensis
1257 2969 1424 3066 gravibus
1443 2971 1489 3043 ab
1506 2968 1651 3043 exordio
1671 2977 1785 3042 nostre
1806 2989 1887 3064 pro·

469 3097 629 3170 motionis
654 3096 755 3168 nobis
777 3105 811 3167 et
834 3095 978 3189 imperio
1005 3092 1050 3166 ad
1076 3103 1230 3165 nostrum
1258 3103 1293 3164 et
1319 3092 1452 3188 imperii
1477 3092 1643 3166 bonorem
1667 3091 1830 3167 exhibuit
1852 3100 1887 3164 et

468 3221 611 3296 exbibet
625 3222 834 3296 incessanter
847 3241 889 3291 ec
902 3216 938 3290 in
953 3226 1054 3290 anma
1068 3217 1235 3290 exhibere
1249 3216 1373 3314 poterit
1386 3217 1548 3314 gratiora,
1560 3217 1706 3314 dignum
1720 3216 1887 3291 duximus

468 3345 604 3418 labores
630 3344 723 3438 ejus,
752 3342 993 3437 multiplicium
1021 3340 1241 3414 servitiorum
1269 3363 1411 3416 suorum
1441 3343 1563 3416 menta
1576 3352 1623 3416 et
1651 3341 1795 3418 ecclesie
1823 3361 1888 3416 sue

469 3469 596 3544 damna
611 3491 681 3564 que
696 3469 764 3541 sibi
780 3489 843 3566 pro
861 3468 985 3540 nostris
1007 3467 1100 3540 illata
1114 3476 1195 3538 sunt
1211 3467 1359 3540 servitiis
1376 3467 1522 3561 intueri;
1543 3490 1584 3541 ac
1605 3467 1783 3540 honestam
1802 3487 1888 3560 sup-

469 3595 688 3696 plicationem
705 3594 796 3666 illius
814 3614 918 3688 quam
936 3592 970 3664 in
990 3600 1177 3690 conspectu
1196 3602 1313 3666 nostro
1333 3592 1420 3666 tides
1442 3602 1477 3664 et
1492 3591 1625 3686 justitia
1641 3589 1837 3685 provehunt
1854 3597 1889 3661 et

468 3730 666 3817 presentant
693 3719 878 3793 liberaliter
902 3708 1139 3810 admittentes,
1172 3740 1218 3790 ex
1241 3718 1358 3792 innata
1383 3715 1650 3792 mansuetudine
1678 3721 1793 3787 nostra
1817 3734 1888 3810 qua

468 3845 713 3920 consuevimus
730 3841 966 3918 benemeritis
990 3842 1216 3940 respondere,
1237 3843 1290 3916 sui
1311 3843 1399 3938 grati
1425 3841 1558 3916 servitii
1577 3840 1698 3913 merito
1717 3849 1752 3913 et
1771 3839 1808 3910 in
1829 3860 1887 3912 re·

468 3970 783 4069 compensationem
800 3969 1006 4043 damnorum
1025 3966 1169 4067 ecclesie
1182 3989 1258 4054 sue,
1271 3966 1316 4040 de
1327 3987 1499 4042 consensu
1517 3964 1673 4040 fidelium
1692 3974 1888 4038 nostrorum

468 4071 665 4194 principum
678 4095 821 4192 ,imperii
844 4093 1088 4168 confirmamus
1103 4102 1138 4165 et
1159 4091 1204 4166 de
1221 4092 1371 4166 uberiori
1389 4091 1500 4187 gratia
1517 4089 1689 4167 donamus
1705 4111 1746 4162 ao
1763 4109 1888 4161 conce·

469 4223 587 4297 dimus
603 4221 717 4296 eidem
735 4220 883 4317 principi
897 4229 1013 4294 nostm
1029 4218 1155 4292 dilecto
1168 4217 1308 4292 alberto
1324 4216 1514 4292 venerabili
1525 4212 1817 4312 Magdeburgensi
1831 4234 1888 4287 er·

469 4346 688 4443 cbiepisoopo
703 4359 736 4420 et
752 4367 815 4418 sue
829 4353 946 4420 sancte
957 4341 1248 4437 Magdebnrgenei
1263 4341 1406 4414 ecclesie
1423 4341 1675 4436 episcopatum,
1689 4346 1839 4410 castrum
1853 4342 1888 4408 et

471 4472 646 4546 civitatem
661 4471 775 4544 iebus
787 4471 823 4542 in
837 4469 1078 4566 proprietatem
1091 4466 1387 4562 etpossessionem
1405 4463 1608 4562 perpetuam
1628 4484 1708 4535 cum
1726 4459 1889 4536 omnibus

471 4597 696 4696 proventibus
711 4597 797 4687 suis,
815 4597 914 4668 terris
932 4594 1033 4668 cultis
1054 4602 1089 4666 et
1105 4593 1262 4683 incultis,
1279 4591 1404 4688 pratis,
1423 4591 1574 4688 pascuis,
1593 4587 1706 4682 aquis,
1725 4584 1888 4682 piscatio·

472 4723 595 4815 nibus,
615 4721 830 4809 nemoribus,
851 4719 966 4813 silvis,
989 4717 1251 4808 venationibus,
1270 4715 1426 4813 oppidis,
1446 4710 1769 4809 jurisdictionibus,
1790 4707 1887 4782 utili·
