4324 5916
670 635 922 699 uocunnttnn
945 634 1098 697 saunis.
1529 637 1592 703 939

182 779 287 852 rebus
310 778 464 873 ipsorum
486 772 604 867 aliqua
625 772 782 845 molestia
798 773 855 845 vel
874 771 1154 846 damnovexare
1170 789 1241 842 non
1254 777 1491 864 praesumant3
1516 772 1590 845 eis-

183 905 334 998 demque
347 899 500 997 patronis
517 907 553 972 et
565 897 692 971 nostris
707 897 811 970 simul
824 895 955 969 nuntiis
968 895 1004 969 et
1017 893 1140 968 ceteris
1154 894 1262 968 nostri
1275 893 1411 989 imperii
1430 893 1592 969 fidelibus

183 1027 365 1121 diligenter
378 1022 592 1117 injungimus
605 1031 645 1094 nt
656 1020 818 1096 eamdem
829 1019 1008 1095 ecclesiam
1019 1021 1143 1092 Sancto
1156 1017 1274 1092 Crucis
1286 1017 1332 1091 de
1343 1017 1466 1092 liremo
1477 1020 1592 1094 Fontis

184 1148 349 1222 Avellane
365 1156 402 1221 et
424 1166 545 1219 omnes
560 1145 724 1218 ecclesias
738 1165 809 1238 que
833 1144 900 1216 sibi
919 1143 1040 1238 aliquo
1057 1142 1137 1234 jure
1156 1141 1326 1236 pertinent
1345 1143 1402 1214 vel
1425 1144 1594 1238 pertinere

185 1271 364 1360 videntur,
387 1269 601 1362 ubicumque
623 1268 709 1359 sint,
728 1289 789 1363 per
809 1289 933 1341 omnes
952 1267 1119 1364 personas
1142 1273 1178 1338 et
1202 1265 1426 1362 petinentias
1453 1287 1595 1340 carum-

186 1395 319 1470 demet
338 1395 384 1468 ab
400 1393 495 1466 omni
513 1393 653 1464 incursu
676 1391 840 1465 violentie
856 1412 991 1488 semper
1010 1390 1190 1466 defensare
1210 1387 1385 1463 studeant.
1403 1389 1596 1465 Confirma-

187 1539 265 1589 mns
282 1518 384 1590 etiam
410 1515 525 1590 eidem
543 1514 686 1591 ecclesie
708 1516 832 1593 Sanco
854 1515 971 1588 Crucis
993 1525 1028 1588 et
1050 1513 1205 1609 ejusdem
1229 1513 1382 1588 ecclesiis
1402 1515 1596 1611 sepedictas

188 1662 307 1715 omncs
328 1641 561 1737 possessiones
578 1648 614 1714 et
636 1639 786 1714 vasallos
803 1661 892 1735 qnos
912 1648 948 1714 et
965 1661 1054 1734 quas
1072 1639 1239 1712 hactenus
1261 1639 1371 1712 tenuit
1388 1647 1423 1713 et
1444 1639 1598 1736 possedit

187 1774 223 1838 et
237 1785 326 1859 qnos
342 1773 378 1837 et
392 1785 481 1859 quas
493 1763 658 1860 deinceps
675 1765 769 1856 juste
785 1771 820 1837 st
842 1763 1086 1837 rationabiliter
1103 1762 1298 1858 acquirent,
1314 1771 1350 1835 et
1368 1770 1407 1834 nt
1427 1763 1503 1860 ipsa
1523 1765 1596 1837 loca

188 1909 340 1961 crescere
357 1897 393 1962 et
407 1887 623 1983 augmentari
637 1887 781 1982 possint,
793 1887 919 1961 damus
929 1887 1103 1960 licentiam
1117 1885 1387 1989 marchionibus,
1398 1887 1594 1980 comitibus,

188 2011 446 2086 unruochus
466 2020 501 2084 et
517 2011 690 2084 universis
707 2010 843 2106 imperii
859 2009 967 2084 nostri
988 2007 1149 2082 fidelibus
1165 2017 1205 2081 ut
1221 2031 1283 2104 pru
1306 2009 1542 2108 redemptione
1563 2021 1598 2085 et

188 2138 300 2212 salute
321 2136 516 2210 unimarnm
538 2157 681 2208 suarum
707 2136 841 2231 possint
862 2145 897 2210 et
914 2157 935 2212 a
955 2135 1056 2208 nubis
1077 2134 1312 2232 plenissimam
1329 2135 1502 2210 licentiam
1527 2137 1598 2210 ha-

188 2261 293 2336 beant
317 2261 508 2335 rectoribus
533 2261 609 2334 sive
633 2261 796 2334 iratribus
827 2259 1072 2356 prelibatorum
1100 2258 1322 2332 ecclesiarum
1353 2260 1598 2356 recipientibus

188 2386 329 2460 nomine
345 2395 380 2460 et
395 2385 473 2458 vioe
487 2386 642 2482 ipsarum
666 2382 797 2458 donare
823 2393 883 2457 ant
901 2383 1054 2458 vendere
1077 2382 1124 2458 de
1143 2383 1217 2456 suis
1239 2383 1514 2480 possessionibus
1537 2391 1599 2458 aut

190 2509 346 2598 vasallis,
365 2528 432 2581 non
451 2507 667 2581 obstantibus
685 2507 987 2581 constitutionibus
1004 2507 1141 2582 anobis
1155 2506 1252 2581 lactis
1270 2517 1331 2580 ant
1346 2509 1448 2581 etiam
1463 2507 1499 2580 in
1514 2529 1599 2604 pos-

189 2642 302 2707 terum
321 2630 488 2706 iaciendis
512 2632 599 2727 quin
627 2631 702 2728 ipse
727 2631 930 2706 donationes
952 2632 1008 2706 vel
1036 2630 1254 2705 venditiones
1282 2630 1459 2704 obtineant
1484 2630 1599 2704 firmi-

190 2765 314 2850 tatem,
333 2765 368 2829 et
385 2755 452 2852 ipsi
469 2777 590 2852 pacem
614 2755 650 2826 in
669 2755 720 2828 eis
742 2765 777 2829 et
795 2756 948 2851 quietem
970 2765 1084 2830 nostre
1107 2755 1317 2829 auctoritatis
1332 2755 1446 2830 edicto
1462 2756 1600 2829 stabili-

191 2901 283 2954 mus.
301 2881 459 2957 Pretcrea
474 2879 700 2956 concedimus
714 2890 749 2953 et
768 2878 1012 2954 confirmamus
1029 2881 1097 2978 ipsi
1121 2881 1317 2956 ecclesiast
1339 2879 1424 2978 ipsis
1447 2880 1601 2954 ecclesiis

190 3025 311 3078 omnes
328 3001 485 3086 homines
501 3007 558 3078 vel
572 3003 719 3082 vasallos
731 3013 766 3080 et
778 3005 1011 3102 possessiones
1024 3026 1112 3102 qnos
1128 3014 1163 3078 et
1177 3027 1265 3100 quas
1282 3027 1378 3077 nunc
1394 3003 1523 3078 habent
1542 3005 1599 3078 vel

192 3127 229 3200 in
251 3137 426 3224 postem
445 3131 539 3223 iuste
560 3114 724 3214 babituri
739 3140 839 3223 sunt,
860 3139 896 3204 et
914 3127 1081 3225 quioquid
1103 3131 1139 3200 in
1158 3129 1208 3200 eis
1220 3127 1310 3222 juris
1327 3129 1497 3203 habemus
1518 3127 1602 3224 ipsis

192 3249 435 3325 confirmanius
456 3261 490 3326 et
513 3253 731 3326 nominamus
751 3279 760 3324 ε
779 3251 948 3350 hospitale
972 3251 1067 3350 apud
1089 3253 1208 3326 Esium
1230 3275 1311 3327 cnm
1336 3255 1508 3327 universis
1530 3254 1604 3326 suis

193 3375 407 3472 pertinentiis
421 3385 456 3448 et
469 3376 638 3471 quioquid
655 3375 785 3451 habent
800 3379 921 3453 inlota
933 3377 1103 3470 Marchia3
1122 3377 1204 3451 item
1220 3379 1465 3452 monasterinm
1480 3381 1603 3454 Sancte

193 3499 301 3573 llarie
321 3499 554 3604 lotisportam
572 3498 618 3577 de
629 3500 800 3576 Faventia
814 3511 849 3575 et
863 3499 1037 3596 quidquid
1057 3499 1264 3595 habeut-vel
1287 3502 1438 3576 habituri
1461 3512 1543 3577 sunt
1567 3503 1603 3576 in

194 3631 266 3696 tcta
283 3623 529 3716 numantina,
549 3623 633 3697 item
649 3624 812 3697 mobsias
828 3625 943 3700 Sancti
960 3625 1136 3698 Fortunati
1151 3634 1186 3698 et
1201 3626 1316 3698 Sancti
1330 3626 1445 3720 Egidii
1465 3627 1510 3701 de
1524 3627 1603 3702 Cas·

194 3747 276 3819 tello
295 3756 330 3821 et
351 3747 520 3856 quicquid
545 3747 677 3822 babent
697 3749 755 3821 vel
772 3748 924 3858 babituri
945 3751 1076 3834 suntin
1096 3760 1167 3824 tcta
1182 3751 1347 3843 Tbnscia3
1367 3751 1449 3826 item
1463 3773 1603 3828 monas·

195 3871 319 3942 terium
334 3871 449 3946 Sancti
465 3870 603 3952 Andros
614 3871 659 3946 de
672 3872 786 3948 insula
799 3896 879 3948 cnm
895 3872 1056 3947 omnibus
1071 3875 1145 3946 suis
1162 3875 1373 3972 pertinentiis
1387 3885 1421 3949 et
1433 3877 1603 3975 quicquid

195 3994 326 4069 babent
341 3995 398 4069 vel
414 3995 565 4068 habituri
581 4009 662 4069 snnt
677 3996 714 4069 in
732 4007 802 4072 toto
822 3997 971 4090 ducatu;
988 3999 1068 4072 item
1087 4000 1330 4072 monasterium
1346 4002 1459 4074 Sancti
1473 4001 1602 4076 Nicolai

197 4119 243 4193 de
258 4119 372 4192 Cornu
391 4141 471 4192 cum
483 4120 661 4221 'universis
676 4123 750 4198 suis
769 4123 982 4220 pertinentis
998 4131 1033 4195 et
1048 4123 1216 4219 quicquid
1232 4123 1360 4221 habent
1378 4126 1434 4198 vel
1449 4125 1601 4198 habituri

196 4242 333 4316 suntin
355 4250 429 4326 tolo,
445 4264 565 4339 regno.
585 4246 621 4321 Si
642 4246 722 4340 quis
740 4267 823 4320 vem
841 4255 994 4341 preterea
1014 4246 1195 4320 clementie
1211 4228 1326 4320 nostre
1351 4249 1486 4320 statutis
1512 4269 1598 4320 ausu

197 4366 378 4440 temerario
395 4369 564 4442 contraire
578 4371 844 4468 presumpserit,
865 4393 954 4468 pona
970 4371 1218 4471 quinquaginta
1238 4371 1402 4445 librarum
1424 4373 1501 4446 anri
1523 4375 1601 4470 puri

198 4489 243 4560 sit
262 4489 547 4587 condempnatus,
567 4513 714 4589 quarum
731 4495 896 4570 medietas
914 4495 996 4570 fisco
1012 4503 1140 4588 nostru,
1157 4495 1296 4570 residua
1314 4499 1443 4594 prefate
1459 4499 1602 4574 ecclesie

198 4612 312 4689 Eremi
335 4617 459 4688 Sancte
481 4615 598 4692 Crucis
621 4617 838 4692 exhibeatur.
862 4619 906 4692 Ut
928 4629 1042 4695 summ
1059 4621 1124 4694 bec
1140 4629 1255 4698 nostra
1279 4622 1447 4697 institutio
1468 4633 1542 4698 rata
1564 4626 1600 4698 in

199 4746 403 4834 perpetuum
421 4740 601 4832 habeatnr,
619 4744 787 4838 presentis
806 4741 979 4840 privilegii
998 4745 1160 4840 paginam
1173 4745 1317 4820 iacimus
1329 4746 1412 4822 inde
1431 4751 1600 4824 conscribi
