4326 5910
209 620 313 686 lrtnror,
326 617 386 696 13]
660 611 857 675 HISTORIA
883 613 1176 676 nlltottdrlcs.
1560 609 1620 672 819

207 749 405 862 Burgdorf
427 757 466 834 et
491 748 665 832 omnium
691 747 906 842 bonorum,
927 755 1026 856 quae
1055 747 1284 832 bertholdus
1314 747 1511 859 quondam
1542 746 1621 838 dux

208 884 409 996 Zaringiae
426 882 550 966 eidem
566 882 711 965 indole
729 881 902 964 contulit.

289 1099 380 1176 (Edit.
395 1115 445 1181 ap.
460 1098 622 1178 Currum,
631 1098 730 1160 tertre
744 1096 879 1162 touchant
891 1100 1031 1182 Btotricc,
1045 1116 1164 1178 prenu,
1180 1117 1209 1180 p.
1227 1100 1531 1175 tta.-Scnberurrr,
1542 1099 1621 1164 Hor.

331 1201 453 1288 Zoana.
467 1204 552 1278 aad,
567 1211 592 1267 t.
604 1207 658 1286 lv,
672 1223 704 1284 p.
721 1215 789 1268 ree.
800 1239 840 1252 -
853 1203 961 1268 Solott.
979 1204 1150 1288 Woctmtt,
1164 1225 1235 1270 ann.
1254 1218 1344 1280 rano,
1355 1227 1386 1288 p.
1398 1212 1482 1285 aas.)

258 1397 302 1469 Η.
327 1395 390 1468 Dei
412 1395 522 1490 gratia
541 1395 773 1467 Romanorum
795 1416 858 1467 rex
873 1404 907 1467 et
923 1417 1059 1492 semper
1081 1405 1267 1491 augustus,
1290 1397 1462 1470 universis
1486 1397 1619 1492 imperii

211 1517 373 1594 fidelibus
387 1519 516 1614 quibus
540 1517 585 1591 he
604 1517 713 1590 littere
734 1528 868 1591 ostense
885 1519 1011 1591 suerint
1029 1518 1172 1614 gratiam
1190 1541 1290 1591 snam
1310 1528 1345 1591 et
1358 1541 1460 1593 omne
1473 1521 1617 1592 bonum.

187 1659 190 1666 '
210 1643 490 1738 Significavimns
509 1643 610 1714 vobis
628 1641 723 1738 qnod
741 1663 859 1717 coram
879 1643 979 1716 nobis
998 1643 1204 1738 jampridem
1225 1643 1323 1740 apud
1343 1645 1492 1718 Bernnm
1508 1646 1544 1718 in
1556 1647 1620 1740 jn-

211 1768 303 1842 dicio
316 1768 547 1842 residentibus
561 1767 638 1840 talis
651 1768 719 1840 lata
734 1768 799 1840 luit
813 1768 979 1842 sententia
997 1768 1116 1864 :quod
1129 1790 1193 1842 nos
1208 1769 1383 1842 dominam
1399 1770 1618 1844 Clementiam

210 1893 386 1990 quondam
418 1893 593 1966 ducissam
615 1893 774 1988 Zaringie
796 1916 817 1966 a
839 1893 1093 1990 captivitatem
1116 1917 1185 1990 qua
1211 1904 1345 1968 tenetur
1368 1895 1557 1970 debeamus
1577 1897 1619 1970 li·

210 2019 344 2092 berare.
361 2018 475 2092 Altera
501 2017 605 2092 etiam
628 2017 696 2092 lata
712 2027 764 2092 est
783 2019 951 2092 sententia
975 2041 1090 2094 coram
1111 2019 1211 2094 nobis
1229 2021 1325 2116 qnod
1344 2043 1411 2094 nos
1428 2022 1618 2120 predictam

212 2141 388 2218 dominam
405 2141 627 2216 Clementiam
645 2143 780 2216 mittere
799 2142 987 2216 debeamus
1006 2145 1042 2216 in
1059 2145 1310 2246 possessionem
1330 2147 1431 2219 castri
1451 2148 1624 2221 Burcdorl

211 2279 246 2343 et
261 2269 417 2344 omnium
438 2267 629 2362 bonomm,
651 2291 721 2364 que
740 2267 824 2343 dive
836 2269 1001 2343 memoria
1013 2271 1053 2342 B.
1067 2269 1143 2344 dux
1161 2271 1320 2366 Zaringie
1334 2271 1371 2343 in
1385 2271 1465 2348 dote
1478 2273 1620 2346 contulit

211 2394 345 2486 eidem,
361 2403 423 2468 aut
439 2395 514 2468 laoo
527 2393 637 2491 ipsius
651 2393 791 2468 domine
806 2393 844 2467 C.
869 2405 999 2490 patrem
1023 2397 1098 2490 ejus
1119 2396 1333 2494 Stephanum
1354 2399 1513 2474 comitem
1533 2401 1619 2474 Bur·

203 2503 343 2616 'gundie
364 2520 505 2594 nomine
523 2519 658 2592 tutoris.
678 2519 735 2594 Ad
752 2523 852 2614 cujus
865 2521 914 2592 rei
928 2531 1056 2596 certam
1073 2519 1283 2596 evidentiam
1297 2545 1440 2620 presens
1457 2525 1620 2622 scriptum

209 2645 315 2742 sigilli
334 2647 441 2719 nostri
454 2645 647 2719 munimine
662 2647 804 2718 lecimus
818 2645 984 2720 roborari.

257 2773 374 2845 Testes
395 2771 433 2844 bi
461 2783 541 2846 sunt
567 2773 796 2868 lingelbertus
824 2772 1055 2868 Coloniensis,
1079 2773 1280 2850 Thiedricns
1301 2776 1531 2868 beritensis,
1555 2780 1621 2854 Ge·

207 2898 333 2971 rardns
352 2897 553 2972 Bisnntinns
574 2897 842 2996 archiepiscopi,
862 2899 1020 2974 Sidridus
1040 2900 1289 2996 Anguslensis,
1316 2903 1511 2978 Willelmus
1531 2908 1619 2979 lan·

208 3025 405 3119 sennensis,
423 3025 603 3098 Heinricus
618 3023 816 3098 Basiliensis
836 3025 1005 3124 episcopi,
1027 3048 1142 3102 comes
1158 3027 1353 3101 Willelmus
1369 3027 1615 3120 Gebennensis‚

208 3168 324 3222 comes
347 3148 551 3246 liudolphus
579 3149 624 3223 de
650 3151 850 3246 Hanspnrc,
876 3150 1053 3225 conradus
1074 3153 1239 3248 pincerna
1267 3152 1312 3228 de
1333 3153 1501 3252 Scbiptia,
1528 3156 1619 3232 Ebe-

208 3271 358 3347 rbardns
376 3273 510 3370 dapiter
524 3275 569 3348 de
586 3275 766 3372 Walpuro,
788 3277 896 3350 etalii
916 3280 1151 3376 quamplures.

256 3399 382 3470 Datum
400 3399 496 3495 apud
512 3401 675 3491 Bernum,
696 3403 726 3474 V
744 3403 910 3477 kalendas
926 3404 1096 3498 januarii,
1121 3403 1310 3481 indictione
1326 3407 1403 3481 Xlll
1413 3461 1422 3498 ‚
1444 3429 1535 3482 anno
1553 3408 1616 3484 do·

206 3522 333 3597 minine
347 3524 591 3600 incarnationis
606 3525 829 3620 llCCXXHll,
849 3550 940 3603 anno
957 3530 1055 3624 regni
1073 3531 1181 3606 nostri
1199 3533 1228 3606 V
1248 3534 1260 3628 l
1284 3534 1310 3630 ).

421 3821 1090 3834 *om-n——no—--m-n-m.
1096 3827 1102 3832 -
1111 3827 1135 3834 .,-
1141 3827 1399 3836 .—.-—----—-—-——

255 4099 461 4211 HemicuS,
481 4103 741 4190 Romanorum
758 4134 844 4216 rex,
861 4108 1029 4193 notificat
1047 4109 1272 4194 sententiam
1291 4139 1314 4195 a
1332 4113 1412 4197 suis
1430 4117 1615 4228 principi·
1675 4109 1786 4220 sall,

203 4231 276 4317 bus
292 4261 361 4346 pro
379 4237 539 4322 Libaldo
556 4239 605 4324 de
620 4240 832 4326 Bnlrimont
848 4242 980 4349 latam,
1001 4243 1141 4328 scilicet
1154 4255 1196 4328 ut
1207 4245 1428 4332 hominibus
1444 4247 1614 4360 ejusdem
1648 4221 1814 4296 mmm*

203 4365 351 4452 bibaldi
369 4369 410 4452 in
428 4372 593 4459 vallibus
611 4375 660 4459 de
676 4376 881 4488 Hausburg
898 4405 977 4462 non
995 4378 1106 4462 licent
1131 4381 1441 4488 communitates,
1463 4386 1614 4470 consti-

205 4567 678 4594 *'—-—-——-

238 4685 276 4762 (l)
295 4689 349 4748 lste
363 4708 501 4766 numerus,
516 4695 539 4753 si
549 4696 629 4755 modo
640 4697 762 4757 sincerus
771 4699 817 4772 sit,
830 4716 916 4758 annos
927 4703 1002 4776 regni
1016 4719 1070 4761 non
1084 4704 1289 4764 acoronationis
1300 4710 1488 4782 tempore,sed
1499 4709 1616 4770 abelae

205 4783 286 4846 tionis
297 4787 350 4862 dio,
364 4791 495 4851 sciliceta
508 4795 542 4852 2³
555 4795 744 4870 aperissem,
757 4797 1008 4875 hiommputandos
1022 4818 1083 4861 esse
1101 4802 1275 4862 demonstret.
