4324 5916
567 593 628 656 902
1095 590 1271 652 HENRlCl
1297 590 1466 652 sepultat
1790 591 1874 672 [nm.
1892 593 1972 656 ffli.

570 729 730 825 paginam
747 726 952 821 inspecturis
966 726 1112 821 gratiam
1127 747 1226 800 suam
1241 747 1283 800 ac
1295 747 1399 800 omne
1415 727 1558 800 bonum.
1578 725 1673 800 licet
1685 747 1806 800 omnes
1819 728 1975 801 ecelesias
2126 757 2127 766 ο

570 855 730 947 maiestas
751 859 865 924 nostra
889 851 985 946 regia
1007 859 1187 946 protegere
1206 851 1352 938 debeat,
1373 851 1439 924 illis
1458 863 1573 926 tamen
1594 852 1797 948 ampliorem
1816 852 1976 950 impartiri

570 979 723 1052 savorem
750 976 913 1049 volumus
939 983 974 1048 ct
1002 983 1160 1050 tenemur
1187 973 1330 1070 quoda
1356 976 1519 1050 Romanis
1548 975 1813 1072 imperatoribus
1840 977 1977 1052 fundate

571 1111 652 1177 sunt
666 1101 794 1196 pariter
811 1109 846 1173 ct
865 1099 991 1173 dotata.
1008 1100 1149 1190 Noverit
1171 1099 1277 1196 igitur
1301 1100 1510 1175 universitas
1534 1109 1648 1176 vestra
1667 1101 1781 1196 quod,
1798 1111 1976 1197 postquam

571 1227 741 1300 nefandus
765 1245 881 1298 comes
902 1223 1097 1298 Fridcricus
1117 1223 1169 1320 (t)
1195 1223 1365 1298 sobonem
1392 1225 1569 1300 scelestam
1595 1225 1766 1322 peregerit
1789 1223 1976 1300 occidendo

571 1351 807 1426 Coloniensam
825 1348 1137 1445 archiepiscopum,
1156 1348 1213 1422 cui
1231 1359 1363 1445 epatre
1381 1358 1496 1424 noste
1519 1350 1655 1445 imperii
1669 1351 1853 1424 commissa
1875 1351 1978 1423 fuisse

570 1477 722 1550 noscitur
736 1473 800 1572 (a),
817 1474 1000 1548 advocatia
1012 1495 1117 1568 quam
1131 1473 1269 1548 tenebat
1281 1473 1318 1546 in
1332 1472 1438 1548 leudo
1455 1473 1501 1547 de
1512 1497 1619 1548 manu
1636 1474 1808 1548 abbatisse
1821 1475 1858 1548 in
1872 1475 1976 1548 Kaul-

573 1605 702 1697 langen
711 1603 748 1674 in
759 1601 881 1698 predio
893 1599 990 1695 quod
999 1609 1142 1674 vocatur
1153 1599 1368 1674 Herbettaad
1378 1599 1537 1674 eamdem
1546 1599 1882 1691 libereestrcversa;
1894 1599 1978 1672 siem

572 1729 639 1802 alia
658 1727 763 1800 lauda
779 1727 888 1822 ipsius
903 1727 949 1800 ad
965 1747 1048 1799 suos
1067 1725 1226 1800 dominos
1240 1724 1287 1800 ad
1303 1747 1394 1820 quos
1404 1725 1539 1820 dejure
1551 1725 1752 1822 spectabant
1765 1746 1828 1821 per
1844 1737 1978 1798 sentcn-

573 1855 655 1927 tiam
681 1851 875 1948 prindipum
896 1851 1084 1926 redierunt.
1108 1850 1193 1922 Cum
1220 1849 1326 1944 igitur
1341 1849 1434 1924 dicta
1459 1850 1605 1924 ecclesia
1625 1850 1660 1922 in
1686 1849 1904 1944 Kauffungen
1926 1869 1977 1921 re·

573 1979 660 2074 galis
670 1999 747 2050 esse
761 1985 934 2067 noscatur,
946 1986 981 2048 et
989 1976 1034 2048 ob
1047 1976 1112 2050 boc
1125 1975 1338 2072 propensiori
1349 1985 1478 2064 nostro,
1490 1976 1581 2048 deut
1591 1975 1750 2070 dignum,
1763 1973 1912 2070 presidio
1920 1973 1976 2070 (b),

573 2105 736 2178 volumus
762 2111 798 2174 et
819 2100 1029 2197 presentium
1052 2101 1255 2174 auctoritate
1279 2099 1498 2175 decernimus
1518 2112 1558 2174 ut
1582 2100 1764 2176 advocatia
1788 2099 1900 2198 predii
1920 2121 1977 2172 su·

572 2227 720 2326 predicti
737 2227 794 2299 val
811 2223 858 2298 ad
878 2223 1126 2298 descendentes
1140 2225 1196 2296 vel
1210 2223 1257 2298 ad
1275 2225 1486 2298 collaterales
1503 2223 1643 2298 nefandi
1658 2223 1822 2298 Friderici
1840 2223 1979 2298 heredes

574 2353 671 2425 nullo
688 2360 842 2445 tempore
864 2371 1020 2444 uuquam
1038 2349 1234 2444 perveniat,
1255 2349 1319 2424 sed
1341 2350 1515 2424 abbatissa
1537 2351 1682 2424 ecclesia
1704 2351 1836 2448 pretate
1854 2357 1979 2424 constet

574 2485 742 2573 perpetua
765 2471 940 2564 firmitate,
960 2471 1028 2544 nisi
1057 2473 1171 2545 forsan
1200 2493 1295 2546 mera
1320 2471 1525 2546 liberalitate
1548 2473 1594 2548 de
1615 2494 1707 2548 novo
1734 2473 1839 2546 alicui
1862 2473 1977 2548 eadem

573 2599 748 2676 abbatissa
772 2620 849 2671 eam
878 2596 1021 2670 duxerit
1046 2596 1302 2672 conferendam.
1329 2597 1445 2684 Quum
1471 2607 1587 2672 autem
1603 2599 1776 2672 memoria
1804 2599 1978 2672 hominnm

575 2725 688 2801 labilis
705 2725 750 2797 eit
772 2731 808 2796 et
825 2745 879 2796 res
896 2723 1112 2797 conscribere
1129 2744 1198 2796 non
1216 2721 1407 2816 sufficiens,
1428 2731 1468 2796 ut
1492 2723 1724 2800 concessionis
1746 2733 1863 2798 nostre
1884 2723 1978 2796 intel·

574 2849 715 2946 ligantia
731 2847 777 2946 (c)
794 2870 862 2922 nou
880 2848 926 2922 sit
941 2847 1086 2944 posteris
1103 2845 1268 2942 ambigue
1283 2850 1410 2942 lutura,
1430 2859 1621 2945 presentem
1638 2851 1801 2948 paginam
1816 2847 1977 2924 conscribi

573 2975 720 3050 fecimus
737 2995 844 3070 quam
863 2973 968 3068 sigilli
984 2971 1093 3048 nostri
1110 2969 1263 3069 presidio
1279 2975 1484 3048 communiri
1498 2976 1676 3070 jussimus.

620 3099 745 3173 Datum
760 3097 950 3195 llerbipoli.

615 3275 657 3357 (a)
676 3276 768 3338 Deest
779 3275 893 3356 nllqutd
906 3275 1018 3338 sctltcet
1031 3289 1041 3334 ε
1056 3289 1137 3353 atra,
1149 3271 1242 3340 tutela
1246 3322 1256 3354 ,
1267 3279 1315 3340 rel
1328 3277 1511 3357 hujusmodl.

614 3381 653 3458 (ll
672 3383 718 3446 lbl
730 3399 850 3464 quoque
864 3383 945 3445 deest
957 3382 1081 3462 aliquid

613 3491 649 3568 (a)
667 3491 703 3552 ln
717 3492 860 3569 tmpesso
872 3485 1070 3572 Mittam,
1083 3493 1182 3556 minus
1194 3499 1281 3556 recte

610 3751 648 3828 (t)
667 3753 706 3814 bs
718 3752 798 3813 istius
810 3752 942 3830 supplicio
955 3753 1017 3814 ride
1030 3769 1127 3830 supra,
1142 3771 1171 3832 p.
1187 3757 1254 3830 tot,
1268 3761 1326 3816 not.
1339 3757 1367 3814 2.
1515 3807 1519 3816 .
