4326 5910
187 612 285 674 buci.
304 609 367 690 ta]
640 605 838 670 HISTORIA
862 604 1155 668 ntsnottsrtcn
1542 602 1603 666 835

190 741 451 844 acceperamus)
476 741 717 833 ascendimus,
746 741 792 817 de
819 742 878 818 die
905 743 941 815 in
967 743 1060 817 diem
1086 763 1148 840 per
1177 761 1321 836 magnas
1342 738 1452 814 dietas
1475 747 1601 814 terram

190 876 285 948 illam
309 878 527 948 transcuntes
548 889 733 966 quousque
749 868 923 944 Coloniam
940 869 1119 961 venimus3
1139 869 1202 942 sed
1219 875 1305 962 quot
1321 866 1548 940 adversitates
1563 865 1601 938 iu

191 999 315 1074 itinere
336 999 397 1072 illo
420 996 687 1072 sustinuerimus
714 1005 788 1070 tum
814 1015 875 1092 per
900 996 1035 1070 viarum
1059 993 1244 1082 duritiam,
1264 1001 1337 1064 tum
1354 1013 1416 1088 per
1430 991 1520 1065 aeris
1547 991 1602 1064 in·

191 1125 411 1220 temperiem,
430 1132 504 1196 tum
518 1145 579 1220 per
599 1123 802 1196 continuum
822 1121 978 1196 timorem
997 1129 1032 1195 st
1047 1117 1279 1193 infirmitatem
1296 1119 1360 1192 vix
1377 1117 1525 1210 alicujus
1544 1139 1603 1192 ca·

192 1251 306 1324 buius
335 1249 487 1324 scribere
518 1249 702 1324 sufficeret.
728 1247 894 1322 Venimus
918 1247 1035 1342 itaque
1061 1245 1236 1320 Colonum
1267 1244 1304 1316 in
1330 1243 1451 1339 vigilia
1479 1240 1603 1316 Purifi-

193 1376 338 1452 cutionis
364 1376 466 1450 beate
491 1375 599 1450 Maris
616 1375 680 1472 (t),
696 1375 815 1471 ibique
838 1373 1018 1449 dominum
1043 1370 1228 1446 Henricum
1256 1369 1302 1445 de
1326 1368 1546 1464 Zudeutherp
1571 1377 1607 1442 et

194 1500 384 1576 Iohannem
410 1500 574 1576 clericum
590 1509 744 1574 nostrum
762 1500 973 1592 invenimus,
993 1498 1056 1594 qui
1081 1519 1193 1594 nuper
1215 1495 1260 1570 de
1278 1495 1420 1570 domino
1438 1493 1607 1590 archispi-

195 1647 302 1723 scopo
317 1625 492 1700 redierant
513 1624 559 1699 de
580 1624 734 1721 quodam
749 1625 919 1720 coloquio
934 1622 1030 1719 quod
1047 1622 1210 1698 dominus
1225 1641 1289 1694 rex
1303 1618 1505 1694 Alemannis
1525 1639 1608 1692 cum

195 1751 355 1848 pluribus
379 1750 576 1847 principum
599 1772 740 1827 suorum
766 1749 864 1847 apud
885 1751 1018 1824 Ulmam
1037 1749 1075 1821 in
1091 1747 1220 1822 Suevia
1241 1745 1474 1820 celebraverat
1489 1744 1555 1843 (2),
1573 1753 1610 1819 et

195 1878 267 1950 lere
295 1875 332 1948 in
357 1876 481 1950 itincre
505 1875 564 1950 illo
586 1895 707 1952 omnes
730 1897 839 1971 equos
866 1897 949 1950 suos
973 1874 1169 1948 amiserant.
1194 1869 1251 1946 nd
1276 1891 1397 1944 eorum
1425 1870 1531 1966 igitur
1554 1869 1610 1942 in·

196 2001 357 2076 eandam
377 1999 541 2076 dominus
557 2001 837 2100 archiepiscopus
850 1999 1025 2097 adportes
1043 1998 1184 2074 Colonia
1199 1996 1359 2088 accessit,
1384 2005 1419 2070 et
1438 1995 1497 2070 die
1513 2018 1610 2068 men

196 2128 284 2202 curii
303 2128 464 2226 proximo
480 2127 528 2202 ad
546 2127 726 2224 quoddam
741 2135 892 2202 castrum
907 2148 1011 2200 suum
1028 2124 1126 2221 quod
1144 2123 1287 2198 distata
1305 2121 1446 2196 Colonia
1462 2143 1525 2218 per
1539 2121 1612 2195 duo

196 2254 346 2329 miliaria
369 2253 483 2348 venit3
503 2275 575 2350 quo
595 2255 710 2328 statim
726 2254 887 2328 nuntium
904 2261 1060 2326 nostrum
1083 2249 1131 2326 ad
1154 2271 1235 2324 eum
1259 2248 1526 2340 destinavimus,
1549 2246 1613 2321 nd·

196 2386 342 2453 ventum
358 2387 514 2452 nostrum
529 2388 566 2452 st
577 2381 725 2474 qualiter
737 2378 812 2453 sine
826 2379 930 2454 sociis
942 2377 1069 2452 nostris
1079 2375 1242 2451 venimus
1256 2373 1289 2448 si
1304 2374 1493 2469 signantes.
1510 2372 1613 2459 Quod

198 2525 279 2578 cum
304 2503 549 2596 intellexisset,
569 2525 631 2600 per
647 2504 811 2579 eumdem
836 2504 997 2577 nuntium
1016 2501 1116 2576 nobis
1131 2501 1284 2596 signavit
1304 2497 1401 2595 quod
1418 2497 1530 2573 ardua
1554 2519 1616 2571 ne-

197 2629 293 2724 gotiu
309 2630 444 2726 imperii
461 2629 643 2705 trabebant
657 2652 739 2704 eum
759 2630 807 2705 ad
825 2639 941 2728 partes
958 2628 1127 2720 Saxonis,
1146 2649 1217 2722 que
1233 2625 1371 2701 differre
1394 2645 1464 2699 non
1481 2624 1613 2721 potuit;

198 2763 234 2829 st
261 2756 428 2852 quoniam
457 2756 621 2830 credebat
647 2757 744 2853 quod
766 2779 831 2832 nos
860 2757 936 2831 sine
963 2754 1066 2830 sociis
1088 2753 1215 2828 nostris
1240 2752 1286 2826 de
1316 2752 1463 2846 negotiis
1492 2752 1617 2824 vestris

199 2899 281 2952 cum
305 2901 348 2954 eo
367 2888 593 2956 tractarenon
609 2883 777 2956 vellemus
794 2903 860 2956 nsc
877 2879 1063 2978 possimus,
1080 2877 1172 2954 dixit
1193 2875 1290 2974 quod
1302 2876 1418 2950 statim
1439 2874 1616 2972 adportes

200 3002 354 3078 Saxonis
378 3005 442 3080 iret
460 3014 495 3080 st
515 3006 582 3080 sub
603 3006 820 3082 testinatione
845 3005 992 3099 rediret,
1013 3011 1049 3080 et
1066 3004 1202 3078 interim
1220 3004 1308 3076 lorts
1331 2999 1415 3074 socii
1436 3001 1543 3073 nostri
1556 3021 1618 3073 ve·

200 3129 317 3202 nirent
342 3137 378 3204 et
400 3131 514 3204 nuntii
534 3131 590 3204 sui
616 3154 705 3227 quos
730 3132 777 3207 ad
797 3131 922 3206 ducem
944 3129 1083 3206 Austris
1098 3129 1257 3221 miserat;
1278 3135 1313 3202 st
1334 3127 1383 3200 ita
1408 3125 1444 3198 iu
1468 3125 1616 3200 crastino

201 3275 340 3330 summo
358 3277 463 3330 mane
479 3278 602 3332 versus
618 3258 807 3334 Saxonum
826 3259 891 3332 itsr
908 3256 1067 3354 arripuit.
1085 3254 1217 3330 Eodem
1234 3263 1352 3327 nutem
1370 3252 1428 3326 dis
1447 3260 1619 3326 venerunt

201 3374 368 3470 magister
384 3375 506 3450 militie
521 3378 655 3474 Templi
671 3387 708 3452 et
725 3378 819 3475 prior
831 3377 1015 3474 Hospitalis
1031 3397 1102 3452 uon
1116 3376 1192 3452 sine
1204 3375 1303 3470 gravi
1320 3374 1493 3471 periculo;
1518 3379 1554 3446 st
1572 3393 1619 3447 ex

201 3520 275 3595 quo
293 3521 356 3596 per
372 3501 564 3576 servientes
581 3524 701 3578 eorum
713 3503 904 3579 adventum
923 3524 1044 3578 eorum
1067 3500 1249 3593 scivimus,
1271 3521 1354 3572 mox
1376 3498 1425 3574 ad
1440 3497 1620 3574 dominum

202 3625 503 3726 archiepiscopum
531 3629 694 3704 nuntium
722 3639 876 3706 nostrum
909 3629 1180 3722 transmisimus,
1204 3626 1394 3703 adventum
1419 3625 1567 3714 illorum
1587 3627 1621 3702 si

204 3752 410 3828 nunciantes
431 3763 466 3827 et
489 3755 722 3852 supplicantes
746 3755 860 3830 eidem
887 3777 949 3852 pro
970 3758 1043 3828 Dso
1070 3764 1105 3828 et
1127 3753 1172 3828 ob
1200 3753 1427 3826 reverentiam
1450 3754 1557 3828 vestri
1579 3775 1622 3827 ac

204 3880 387 3976 proprium
402 3880 569 3954 honorem
582 3882 678 3979 quod
694 3881 739 3956 de
757 3883 914 3978 partibus
931 3883 1000 3956 illis
1023 3904 1092 3955 non
1110 3879 1286 3955 recederet
1300 3891 1487 3978 antequam
1504 3881 1622 3954 uobis·

205 4025 288 4078 cum
301 4006 511 4101 loqueretur.
530 4009 606 4105 lpse
623 4009 741 4104 itaque
761 4031 822 4106 per
846 4008 975 4084 dietam
996 4029 1102 4082 unam
1127 4006 1174 4081 ad
1192 4028 1258 4081 nos
1275 4015 1449 4081 revertens
1473 4007 1623 4104 signavit

206 4129 309 4204 nobis
333 4139 374 4204 ut
401 4131 459 4206 die
487 4134 626 4236 veneris
653 4133 813 4232 proximo
838 4134 935 4232 apud
961 4132 1150 4231 quamdam
1179 4131 1354 4208 abbatiam
1380 4154 1451 4228 que
1477 4142 1622 4207 vocatur

207 4251 465 4357 Audenesburg
488 4259 521 4334 ei
547 4281 820 4354 occurreremns3
843 4283 949 4358 quem
969 4283 1050 4335 cum
1069 4259 1119 4334 ibi
1143 4259 1415 4355 invenissemus,
1440 4259 1555 4356 ipsum
1570 4281 1620 4334 ex

212 4459 879 4479 σ--α--ι--αο--ο-ιιοο-ιι------
885 4471 1045 4479 .-.---.--...
1051 4469 1155 4479 ...η-ο.
1173 4471 1183 4478 -
1213 4471 1230 4478 σ-

247 4600 283 4675 (t)
297 4601 406 4662 Scilicet
418 4603 506 4679 primo
517 4605 655 4667 februarii.

210 4700 431 4877 &qqabqnprpq
443 4705 636 4863 mrum
656 4706 753 4768 diebus
776 4709 862 4769 48·Ξὸ
880 4709 995 4783 januarii
1011 4711 1080 4771 ⁴225
1096 4709 1247 4782 celebrata,
1262 4707 1324 4770 vids
1336 4707 1499 4768 documenta
1510 4725 1624 4786 praece-

307 4843 316 4874 ,
354 4844 360 4860 .
539 4846 546 4862 .
