4326 5910
371 1591 436 1647 Apud
448 1593 525 1640 West-

364 1649 538 1706 mouentum,

385 1703 512 1757 ttumll.

1101 607 1275 670 settle}
1300 609 1469 674 suerint

960 968 1072 1032 ANNO
1099 969 1197 1036 1225.
1212 1005 1255 1022 -
1274 973 1518 1040 mulcemus
1545 977 1595 1044 13.

1064 1289 1495 1324 --·-000-—--

620 1585 823 1690 Henricus,
845 1584 1059 1697 Anglorum
1076 1612 1163 1694 rex,
1184 1587 1234 1670 nd
1251 1587 1389 1672 ducem
1406 1585 1582 1672 lustriae
1597 1596 1635 1670 et
1652 1588 1702 1670 nd
1719 1585 1977 1696 archiepisco-

565 1747 659 1833 pum
683 1721 947 1806 Coloniensem
968 1721 1115 1833 legatos
1137 1747 1232 1807 suos
1254 1723 1392 1828 mittit,
1413 1747 1503 1808 cum
1520 1722 1574 1808 cis
1591 1729 1818 1806 tractaturos
1835 1721 1884 1806 de
1901 1746 1977 1804 ne-

566 1856 678 1968 gotiis
696 1857 776 1940 suis
789 1867 827 1940 et
839 1855 1082 1940 matrimonio
1100 1881 1185 1940 suo.

642 2075 734 2152 (Edlt.
748 2092 797 2156 cp.
812 2075 939 2152 lirum,
952 2071 1081 2138 Foedera
1094 2081 1123 2137 et
1137 2072 1352 2152 connectimur,
1367 2079 1391 2136 t.
1406 2073 1436 2148 1,
1450 2091 1482 2152 p.
1499 2076 1583 2150 ²75.)

1251 2326 1279 2398 l.

604 2529 680 2602 Rex
698 2527 805 2601 nobili
824 2528 900 2602 viro
916 2537 950 2602 ot
970 2529 1083 2603 emico
1101 2528 1278 2602 carissimo
1296 2525 1379 2602 duci
1397 2526 1553 2620 Austris,
1573 2527 1719 2602 salutem
1734 2547 1815 2600 cnm
1832 2527 1968 2600 sincere

556 2651 751 2728 dilectione.
775 2654 942 2728 Mittimus
964 2653 1011 2728 ad
1037 2677 1100 2728 vos
1121 2653 1355 2728 venerabilem
1379 2663 1511 2751 patrem
1526 2653 1583 2726 W.
1609 2651 1858 2727 Carleolensem
1886 2653 1970 2749 epi-

552 2801 695 2875 scopum
713 2788 748 2853 et
766 2779 909 2854 dilectos
924 2779 1025 2853 nobis
1043 2779 1079 2851 in
1100 2777 1233 2852 Christo
1253 2779 1374 2854 iratres
1392 2779 1530 2852 fratrem
1551 2777 1595 2851 Α.
1621 2779 1823 2874 magistrum
1847 2779 1969 2852 militie

552 2905 683 3002 Templi
699 2905 734 2977 in
749 2905 874 3002 Anglia
893 2913 927 2980 et
942 2907 1079 2978 iratrem
1095 2905 1135 2978 ll.
1156 2905 1304 3002 priorem
1328 2904 1508 3002 hospitalis
1524 2905 1714 2978 Ierusalem
1733 2904 1770 2977 in
1789 2903 1918 2999 Anglia
1936 2912 1969 2977 et

552 3031 754 3125 magistrum
783 3031 826 3102 H.
861 3031 1103 3104 cancellarium
1134 3029 1396 3104 Londonensem
1422 3037 1458 3103 et
1484 3028 1685 3104 Nicholanm
1707 3029 1754 3104 de
1771 3027 1895 3118 llolis,
1918 3027 1965 3101 ad

551 3155 767 3228 tractandum
787 3155 969 3230 vobiscum
996 3155 1041 3230 de
1066 3155 1214 3250 negotiis
1241 3155 1388 3248 nostris;
1412 3155 1541 3250 quibus
1569 3153 1675 3228 lidem
1700 3155 1828 3228 habere
1848 3153 1964 3228 volitis

550 3301 655 3376 super
680 3279 749 3354 hiis
779 3303 849 3378 qne
871 3281 972 3356 vobis
1001 3280 1154 3356 dixerint
1180 3281 1226 3356 de
1249 3281 1382 3358 eisdem
1405 3283 1565 3376 negotiis.
1593 3283 1662 3357 Nos
1687 3283 1780 3356 enim
1804 3292 1881 3356 rata
1903 3281 1966 3356 ha·

548 3403 710 3512 bebimus
742 3415 776 3481 ot
803 3418 901 3504 gratu
929 3431 973 3482 eu
994 3429 1065 3504 que
1090 3407 1193 3482 vobis
1216 3405 1368 3482 dixerint
1394 3429 1441 3483 ex
1471 3417 1566 3505 purte
1595 3417 1712 3484 nostra
1734 3415 1769 3481 et
1795 3407 1961 3497 fecerint,

547 3531 742 3606 secundnm
773 3534 916 3610 lormam
948 3535 1067 3632 scripti
1092 3557 1198 3632 super
1224 3533 1355 3610 eisdem
1381 3533 1589 3609 conficiendi
1611 3535 1668 3608 cni
1694 3555 1814 3609 eornm
1848 3534 1964 3628 sigilla

547 3655 675 3729 fuerint
691 3679 858 3756 appensa.
878 3661 978 3735 Teste
1000 3660 1142 3734 domino
1158 3659 1394 3735 Cantnnriensi
1418 3659 1693 3758 archiepiscopo,
1720 3657 1816 3756 apud
1838 3657 1963 3734 West·

547 3785 805 3876 monasterium,
822 3787 867 3859 lll
882 3786 940 3862 dic
953 3786 1117 3882 januarii,
1139 3785 1245 3886 [enno
1258 3783 1378 3888 nono].
1506 3883 1515 3900 ο

1224 4059 1270 4132 ll.

590 4261 667 4334 llex
689 4259 831 4336 domino
846 4262 1038 4338 Coloniensi
1054 4263 1326 4364 archiepiscopo,
1342 4263 1488 4340 salutem
1506 4285 1588 4338 cum
1603 4261 1737 4337 sincera
1751 4259 1952 4336 dilectione.

541 4385 708 4459 Mittimus
725 4385 773 4460 ad
789 4407 851 4464 vos
869 4389 1101 4464 venerabilem
1118 4399 1250 4488 patrem
1263 4389 1321 4463 W.
1342 4389 1589 4466 Carleolensem
1608 4387 1811 4486 episcopum
1831 4395 1868 4462 et
1881 4388 1952 4462 lra-

539 4519 626 4584 trem
642 4511 703 4602 Α.,
728 4522 812 4608 cto,
835 4513 883 4590 ad
904 4515 1121 4592 tractandum
1137 4517 1319 4592 vobiscum
1337 4515 1382 4592 de
1399 4515 1547 4614 negotiis
1570 4513 1713 4608 nostris,
1732 4515 1823 4588 sicut
1846 4511 1950 4586 nobis

537 4657 600 4734 per
609 4637 736 4714 litteras
749 4649 882 4716 vostras
892 4641 1130 4738 significastis3
1145 4644 1274 4742 quihus
1289 4643 1407 4736 fidem,
1418 4652 1485 4718 otc.
1495 4645 1594 4718 Teste
1606 4663 1701 4739 rege,
1720 4639 1818 4739 apud
1832 4641 1949 4716 Woel-

538 4764 796 4861 monasterium,
815 4767 860 4840 lll
875 4767 933 4842 die
943 4770 1107 4864 januarii.
