4326 5910
217 633 318 694 lturcr.
335 627 397 706 lt]
672 619 868 683 HISTORIA
894 617 1185 682 DlPLOblATlCA.

273 1196 477 1304 Henricus,
495 1195 757 1277 Romanorum
778 1217 865 1298 rex,
895 1191 944 1274 ad
973 1216 1102 1301 preces
1126 1188 1225 1274 Petri
1252 1188 1385 1272 decani
1412 1198 1449 1273 et
1470 1189 1636 1276 Folmari
1697 1212 1795 1311 „5¹³2ss

220 1329 477 1417 archidiaconi
496 1327 653 1439 majoris
672 1325 849 1410 ecclesiae
868 1325 1073 1434 Tullensis,
1086 1323 1271 1436 approbat
1288 1335 1325 1408 et
1342 1325 1543 1410 confirmat
1560 1328 1638 1413 duo
1670 1281 1836 1367 „alban

220 1463 418 1578 privilegia
433 1463 557 1547 eidem
571 1460 750 1546 ecclesiae
763 1459 929 1568 indulta,
945 1459 1086 1544 scilicet
1101 1457 1150 1542 ab
1164 1458 1365 1570 Arnulpbo
1378 1469 1416 1544 el
1432 1459 1593 1546 Henrioo
1605 1461 1638 1544 11

218 1601 375 1714 regibus
392 1599 669 1684 Romanorum.

304 1817 401 1891 (Edld.
419 1817 544 1887 Banom,
566 1815 642 1876 Eiet.
663 1809 755 1874 eccles
773 1819 802 1874 et
815 1809 930 1894 pollth.
951 1809 986 1872 de
1002 1809 1033 1872 ln
1049 1808 1115 1874 cille
1131 1817 1160 1874 et
1176 1808 1217 1871 du
1231 1808 1337 1871 ductu
1354 1807 1389 1870 de
1409 1807 1499 1886 Toul,
1519 1811 1637 1876 docum.

343 1942 374 2003 p.
386 1922 652 1986 mla-vlo.
672 1921 711 1982 ad
730 1937 800 1982 ann.
823 1927 918 1994 1225,
933 1936 1035 1982 meuse
1050 1922 1146 1999 Junlo,
1166 1919 1354 1998 privilegium
1366 1917 1507 1980 Fr'lderlel
1517 1921 1639 1982 secundl

343 2031 609 2102 confirmatorium,
625 2030 659 2089 ln
676 2045 736 2106 quo
757 2028 943 2106 prlvlleglum
961 2027 1041 2089 lstnd
1059 2029 1210 2106 locentur,
1222 2045 1253 2105 p.
1269 2035 1340 2088 eso.
1355 2027 1442 2088 Unde
1463 2031 1580 2088 tantum
1601 2027 1640 2088 ud

344 2137 507 2200 ornandam
521 2137 764 2198 documentorum
777 2137 901 2210 sertem,
915 2141 1001 2198 nous
1013 2135 1234 2214 chronologicus
1247 2135 1345 2197 denuo
1359 2135 1571 2210 exhlbemnsrt

271 2325 397 2398 Actum
429 2346 521 2398 anno
547 2323 791 2396 incarnationis
824 2323 1020 2396 MCCXXIV
1024 2376 1360 2397 ...........
1389 2325 1515 2398 Datum
1544 2324 1659 2422 apud'

224 2453 390 2542 Remum,
408 2449 530 2545 quinto
546 2447 713 2522 kalendas
726 2447 889 2542 januarii,
910 2447 1099 2522 indictione
1115 2447 1250 2522 decima
1267 2448 1379 2524 tertia.

266 2989 482 3092 benficus,
503 2987 765 3072 Romanorum
794 3011 881 3093 rex,
902 2985 1176 3071 monasterium
1202 2988 1251 3071 de
1280 2987 1524 3102 Riigersberg
1550 3018 1639 3075 cum
1700 3016 1795 3120 3333

224 3125 406 3212 omnibus
432 3122 544 3206 bonis
571 3120 654 3231 ejus
686 3119 893 3206 mobilibus
923 3129 961 3203 et
989 3117 1251 3204 immobilibus
1283 3121 1355 3206 sub
1387 3125 1539 3235 speciali
1569 3153 1640 3212 sua
1672 3134 1699 3178 ³¹
1709 3105 1838 3175 wll*

225 3258 455 3371 protectione
480 3255 632 3365 recipit,
655 3255 947 3366 praepositoque
972 3263 1011 3338 et
1035 3254 1291 3340 confratribus
1312 3257 1429 3369 hujus
1447 3259 1519 3344 loci
1546 3288 1641 3372 pro-

226 3395 341 3478 mittit
356 3393 461 3504 quod
486 3391 723 3475 advocatiam
748 3389 969 3475 monasterii
999 3391 1049 3472 ad
1074 3415 1219 3510 'manus
1246 3415 1336 3476 suas
1362 3393 1545 3480 detinebit
1571 3423 1641 3482 nec

226 3556 313 3614 eam
336 3555 360 3611 a
380 3525 551 3611 dominio
573 3551 645 3611 suo
662 3525 855 3610 alienabit.

246 3821 256 3838 Ι
311 3745 538 3828 (EdldltMmr.
555 3745 711 3819 Gemma,
728 3742 796 3806 God
807 3744 889 3824 epte
906 3739 1023 3823 Redolfi
1034 3744 1065 3818 1,
1080 3745 1243 3806 nummum
1259 3744 1397 3827 dlplom.,
1414 3765 1446 3828 p.
1464 3757 1538 3825 tta,
1555 3761 1589 3812 n·
1602 3751 1641 3826 V,

348 3871 385 3915 ex
406 3869 472 3931 cop.
493 3853 599 3916 uldlm.
621 3855 653 3914 ln
671 3851 753 3914 arch.
770 3851 883 3925 Turlc.;
905 3851 1011 3912 lnclns.
1033 3853 1066 3912 in
1087 3851 1242 3930 prlvlleglc
1255 3853 1375 3916 Budolll
1387 3856 1417 3929 1,
1437 3856 1500 3920 dat.
1515 3858 1642 3934 Basilec,

350 3970 451 4041 sang.
469 3968 557 4022 1115.
576 3959 668 4024 Extat
688 3975 807 4039 quoque
826 3975 873 4036 ap.
888 3953 1058 4021 Solottum.
1082 3955 1293 4038 wetmttau,
1310 3978 1381 4024 ann.
1403 3971 1497 4039 1818,
1512 3981 1543 4042 p.
1561 3967 1643 4042 tlt.)

277 4147 458 4222 Heinricus
482 4148 544 4222 Del
570 4147 680 4244 gratia
703 4149 935 4222 Romanorum
960 4167 1025 4221 rex
1046 4156 1081 4220 et
1106 4169 1241 4244 semper
1266 4159 1451 4244 augustus,
1474 4151 1647 4224 universis

230 4274 368 4372 imperii
384 4273 547 4350 fidelibus
564 4274 695 4370 quibus
712 4273 780 4350 hcc
795 4272 907 4348 littere
921 4281 1057 4347 ostense
1074 4273 1202 4346 luerint
1217 4275 1362 4368 gratim
1377 4297 1475 4350 snam
1492 4286 1528 4350 et
1543 4297 1646 4351 omne

230 4401 374 4473 bonnm.
394 4398 636 4495 Significamus
659 4399 762 4474 vobis
782 4397 880 4495 quod
901 4419 965 4472 nos
987 4399 1230 4473 monasterium
1247 4399 1293 4474 de
1308 4400 1547 4494 Ilugsrsberch
1565 4421 1647 4476 cum

232 4525 395 4600 omnibus
414 4525 516 4600 bouis
531 4525 606 4598 suis
629 4525 817 4599 mobilibus
840 4533 875 4598 et
890 4524 1125 4599 immobilibus
1145 4525 1214 4598 sub
1235 4527 1419 4622 specialem
1439 4537 1590 4602 nostram
1612 4538 1648 4603 et

233 4649 370 4748 imperii
388 4651 634 4747 protectionem
653 4644 885 4749 [recipimus],
902 4650 1142 4725 confirmantes
1154 4650 1188 4724 ei
1204 4660 1239 4724 et
1255 4652 1412 4748 personis
1428 4650 1560 4725 ibidem
1578 4653 1649 4726 Deo

235 4777 486 4852 famulantibus
498 4777 662 4852 universe
678 4776 770 4850 bonu
787 4795 858 4872 qne
871 4798 966 4850 nunc
982 4775 1111 4850 habant
1128 4784 1163 4850 et
1177 4775 1214 4848 in
1229 4785 1405 4874 posterum
1419 4775 1522 4872 justis
1536 4775 1650 4850 modis
1705 4770 1709 4778 ’
