4330 5914
201 616 301 682 [ποια.
321 612 381 701 lo]
654 613 850 676 ursrouta
877 615 1169 678 otrnouurlct.
1557 615 1616 678 *145

204 751 320 836 nibem
343 747 628 832 advocatiarum
651 749 859 833 retinendis
885 759 923 832 et
948 750 997 832 de
1018 749 1137 834 tutela
1158 748 1405 860 paruulorum
1428 774 1551 860 usque
1569 750 1618 832 ad

201 882 474 970 duodecimum
492 907 639 966 anuum
656 882 744 966 duci
762 882 992 994 adjudicata.

287 1100 417 1184 (Edlder.
436 1100 597 1180 Bruma,
614 1098 723 1181 Tropla.
741 1098 782 1161 do
799 1099 936 1176 ΜΛ.
960 1103 991 1177 Ι,
1007 1119 1037 1182 p.
1062 1110 1114 1165 68.
1129 1132 1170 1148 -
1189 1103 1314 1176 uuna,
1330 1099 1531 1180 matema,
1550 1103 1619 1176 tl,

327 1227 359 1288 p.
373 1209 741 1283 tra-srucmmu.
762 1209 849 1290 cnsp.
861 1211 926 1292 jur.
938 1206 1038 1291 saud,
1056 1226 1089 1289 p.
1105 1219 1175 1272 toa.
1189 1211 1349 1285 -Prnrz,
1364 1209 1493 1270 Menum.
1518 1207 1618 1271 Germ.

326 1317 415 1387 trun,
432 1315 571 1394 t1V‚p.
592 1324 663 1377 ²49.
678 1315 752 1378 coll.
772 1333 841 1378 cum
861 1317 928 1380 eod.
944 1316 1020 1378 Blbl.
1035 1333 1095 1397 reg.
1114 1317 1247 1379 Bruxell.
1269 1316 1326 1378 sub
1345 1325 1379 1377 n⁰
1397 1323 1505 1392 tosto,
1521 1321 1552 1376 et
1568 1331 1618 1393 up.

326 1422 461 1499 Duum,
475 1421 609 1484 Clroutc.
626 1421 730 1500 Brab,
746 1423 832 1487 MSS.
846 1424 934 1498 lbra,
947 1429 971 1485 t.
986 1425 1012 1498 1,
1027 1423 1051 1486 l.
1063 1432 1121 1486 ore
1133 1429 1164 1486 et
1176 1421 1273 1504 seqq.)

254 1620 421 1696 Noverint
442 1621 596 1696 universi
613 1621 710 1718 quod
732 1645 813 1696 cum
833 1621 929 1718 apud
946 1620 1203 1717 aquisgranum
1226 1621 1394 1694 Hauricus
1413 1641 1478 1692 rex
1495 1619 1619 1694 Roma·

206 1770 333 1824 norum
347 1747 383 1820 iu
402 1747 569 1843 solempni
587 1747 685 1822 curia
702 1747 838 1822 sederet
852 1769 915 1844 pro
928 1747 1092 1820 tribunali
1112 1747 1178 1819 sub
1196 1745 1389 1841 frequentia
1407 1745 1618 1842 principum,

207 1872 520 1972 precepitfleuricu
540 1872 665 1946 illustri
684 1872 766 1946 duci
786 1872 1006 1968 lotharingie
1024 1880 1059 1946 et
1072 1871 1254 1946 Brabantie
1268 1881 1304 1944 et
1320 1870 1356 1944 in
1375 1868 1541 1944 fidelitate
1555 1869 1622 1942 im·

208 1998 307 2096 perio
331 1997 474 2094 prestita
501 1997 655 2090 injunxit
677 1997 790 2072 eidem
816 1996 913 2094 quod
938 1999 1019 2091 jura
1044 1996 1180 2094 imperii
1202 1994 1343 2070 firmiter
1368 1995 1568 2070 observaret
1588 2003 1623 2068 at

209 2124 248 2196 in
267 2132 355 2198 terra
374 2143 439 2196 sua
452 2124 579 2196 laceret
594 2123 787 2215 observari,
806 2139 842 2198 et
860 2123 928 2197 boc
947 2125 1027 2197 lecit
1041 2133 1110 2197 tam
1127 2144 1190 2220 per
1202 2121 1407 2196 sementiam
1427 2120 1621 2218 principum

208 2271 316 2344 quam
342 2270 405 2346 per
425 2248 606 2322 obtentum
626 2248 736 2344 gratie
759 2249 908 2346 imperii.
932 2249 1116 2323 Inventum
1135 2247 1242 2342 igitur
1259 2255 1294 2320 et
1311 2246 1553 2320 mutantiatum
1572 2255 1624 2318 est

210 2372 380 2469 ibiquod
405 2373 443 2446 in
465 2373 544 2466 jure
566 2371 694 2446 leodali
720 2373 833 2448 omnis
859 2373 1093 2448 ministerialis
1119 2372 1330 2447 feodatarius
1353 2391 1444 2466 eque
1468 2369 1625 2464 judicare

210 2496 433 2594 possitsuper
444 2497 555 2572 leodis
571 2497 742 2570 nobilium
755 2507 790 2573 et
804 2498 1093 2588 ministerialium,
1103 2497 1258 2594 exceptis
1270 2505 1385 2570 tamen
1402 2495 1513 2570 leodis
1523 2495 1624 2592 prin-

209 2621 343 2718 cipum.
358 2620 416 2695 td
431 2621 496 2696 bec
510 2623 753 2696 sententiatum
766 2632 818 2696 est
831 2623 880 2695 ibi
898 2623 994 2718 quod
1009 2623 1155 2719 quilibet
1169 2621 1295 2696 nobilis
1305 2621 1381 2694 sive
1392 2619 1624 2694 ministerialis

212 2745 422 2820 feodatarius
442 2767 464 2820 a
488 2745 630 2820 domino
650 2769 715 2821 suo
733 2748 862 2842 injure
883 2747 1009 2823 leodali
1029 2747 1139 2844 primu
1159 2745 1322 2820 citatione
1342 2745 1388 2819 ad
1413 2745 1625 2841 quindenam

210 2880 326 2968 potest
338 2871 449 2944 citari.
465 2871 593 2946 lterum
606 2873 637 2944 ei
648 2872 775 2968 aliquis
788 2873 864 2946 eive
877 2873 1003 2947 nobilis
1017 2873 1093 2945 sive
1105 2871 1335 2944 ministerialis
1346 2871 1511 2944 allodium
1525 2870 1627 2945 ducis

212 2997 258 3072 de
273 2995 365 3070 duca
379 3005 472 3071 tenet
487 2997 523 3070 in
548 2996 708 3092 leodem,
730 2998 806 3096 ipse
822 2997 897 3071 dux
913 2998 1028 3094 ipsum
1046 2996 1151 3070 citare
1172 3005 1284 3092 potest
1301 3017 1405 3092 super
1422 2995 1481 3067 illo
1498 2995 1626 3069 allodio

211 3121 260 3195 ad
278 3123 385 3194 alium
403 3121 518 3196 locum
538 3123 600 3196 ubi
617 3123 722 3198 babet
735 3122 921 3214 allodium,
938 3123 1155 3219 ubicumque.
1167 3121 1327 3194 voluerit.
1348 3120 1384 3192 Si
1401 3127 1517 3194 autem
1539 3121 1625 3194 illud

211 3245 354 3320 lendum
372 3246 417 3318 sit
438 3246 579 3322 lecdum
599 3247 645 3322 ab
667 3249 735 3323 alio
755 3249 912 3346 principe
929 3249 1128 3335 obtentum,
1151 3255 1236 3320 tnnc
1256 3245 1333 3320 dux
1350 3267 1453 3319 suum
1473 3243 1627 3320 leodata-

210 3370 305 3443 rium
329 3369 436 3444 citare
459 3380 572 3468 potest
590 3394 696 3469 super
714 3395 971 3470 quamcumque
992 3380 1125 3470 partem
1149 3371 1243 3446 illius
1266 3369 1360 3446 leodi
1375 3369 1471 3467 quod
1492 3370 1537 3444 ab
1559 3370 1628 3444 alio

210 3495 372 3592 principe
392 3494 583 3572 descendit.
608 3497 765 3572 Ceterum
786 3520 1043 3595 quemcumque
1061 3497 1138 3572 dux
1155 3496 1201 3570 do
1215 3499 1295 3591 jure
1316 3497 1407 3569 siout
1429 3504 1563 3568 tenetur
1579 3495 1628 3570 ci·

211 3620 352 3708 laverit,
373 3619 477 3696 illesi
493 3623 619 3698 citatus
634 3646 703 3699 non
721 3635 895 3722 comparet
907 3623 955 3699 ad
969 3624 1114 3720 primam
1130 3621 1345 3715 citationem,
1362 3619 1544 3696 emendum
1559 3623 1627 3696 sol·

208 3767 298 3820 vera
317 3753 454 3820 tenetuu
471 3771 541 3844 qua
558 3743 642 3824 bota
656 3759 813 3825 vocatur.
835 3751 980 3847 Insuper
1002 3748 1033 3822 si
1051 3748 1128 3822 dux
1149 3747 1354 3821 senteutiam
1372 3745 1418 3819 ab
1439 3746 1555 3842 aliquo
1574 3769 1629 3822 rc·

211 3870 390 3966 quisierit,
415 3873 473 3947 ille
489 3875 678 3970 requisitus
698 3877 871 3950 tenebitur
887 3875 1003 3951 dicere
1023 3874 1228 3949 sententiam
1249 3872 1339 3946 inlra
1354 3872 1539 3946 terminum
1557 3896 1629 3970 quo

212 3993 293 4070 dux
307 3995 405 4070 sedet
419 4021 483 4094 pro
500 4001 662 4075 tribunali
683 4001 742 4074 illo
759 4000 832 4096 die,
848 4002 915 4076 nisi
927 4003 1002 4100 ipse
1018 4001 1095 4076 dux
1113 4000 1159 4076 de
1173 4000 1283 4096 gratia
1300 3999 1369 4074 sibi
1388 3999 1550 4073 remittat.
1570 3997 1629 4073 Ad

213 4119 332 4194 bacin
345 4121 425 4214 jure
442 4123 568 4198 leodali
582 4127 698 4199 nullus
711 4135 823 4224 potest
839 4149 915 4202 esse
932 4126 1143 4213 advocatus,
1163 4125 1230 4199 nisi
1248 4127 1294 4200 sit
1312 4125 1423 4222 ipsius
1439 4124 1540 4198 ducis
1555 4125 1629 4198 leo·

214 4241 390 4338 datarius;
409 4246 617 4323 advocatum
646 4253 861 4348 appellamus
884 4259 1065 4349 patronum
1087 4271 1203 4325 cause.
1221 4248 1390 4325 Additum
1411 4269 1553 4345 quoquc
1578 4247 1628 4321 ibi

208 4377 268 4441 cst
284 4389 348 4466 per
362 4373 569 4447 senteutiam
583 4375 680 4470 quod
697 4375 789 4450 servi
810 4398 874 4473 per
888 4376 1038 4474 stipitem
1056 4385 1092 4450 et
1109 4375 1318 4472 parentelam
1331 4395 1378 4446 ex
1397 4381 1495 4469 parte
1511 4373 1629 4447 matris
1752 4457 1755 4466 k

216 4493 474 4589 provenientes,
494 4507 576 4572 sunt
596 4499 783 4595 retinendi;
813 4501 970 4576 homines
994 4499 1254 4575 advocatiarum
1275 4506 1392 4572 autem
1414 4519 1477 4596 per
1496 4499 1628 4574 curiam

217 4617 275 4689 cui
290 4628 374 4692 sunt
388 4623 567 4699 censuales
584 4635 666 4699 sunt
679 4626 862 4702 retinendi.
879 4629 1023 4725 Insuper
1036 4627 1248 4723 quicumque
1260 4634 1405 4699 exactus
1422 4633 1475 4698 eet
1488 4649 1552 4724 pro
1565 4649 1628 4724 pa·

218 4750 317 4818 trono
343 4766 470 4841 eausa,
498 4749 557 4824 ille
578 4761 724 4828 exactus
747 4763 882 4830 tenetur
909 4775 1100 4852 proponere
1128 4753 1274 4860 uerbum
1302 4751 1396 4825 illius
1423 4751 1485 4846 qui
1515 4751 1630 4848 ipsum

318 4870 462 4935 lbra-a
1437 4883 1476 4935 94
