4324 5912
680 593 931 656 oocouuurs
956 589 1112 654 senum.
1542 589 1600 652 951

191 735 284 816 salis
300 731 360 816 vel
378 727 571 814 commodi
588 725 791 838 cujuslibet
806 737 997 840 repertum
1020 724 1152 830 fuerit,
1171 724 1211 808 id
1228 722 1403 834 integrali
1417 721 1504 832 jure
1521 749 1605 809 mo-

191 867 358 952 nasterio
374 863 568 976 praedicto
585 861 784 972 pertineat.

271 1080 361 1161 (Edit.
371 1096 418 1158 ap.
430 1078 655 1152 smmum,
669 1075 801 1159 camp.
814 1091 870 1136 zor
884 1073 1010 1138 mcci.
1024 1072 1204 1149 licicdalist,
1215 1081 1249 1136 n·
1259 1082 1326 1150 gp
1344 1075 1602 1137 ea.—Memorat.

311 1202 488 1266 quoqueap.
499 1185 665 1257 Smuuuas,
679 1183 822 1246 baeton
832 1179 1031 1264 diplomat.‚t
1044 1183 1085 1256 Π,
1099 1183 1141 1246 iv
1150 1181 1233 1255 thail,
1244 1197 1275 1257 p.
1286 1189 1360 1256 6113
1374 1181 1443 1242 eoll.
1456 1198 1525 1242 eum
1535 1199 1604 1259 per·

312 1309 436 1374 gamana
449 1308 540 1370 quam
554 1291 752 1353 authenticam
765 1291 869 1352 donni
881 1293 912 1351 lu
925 1289 1046 1352 archivo
1062 1287 1228 1350 Dresdeust
1246 1287 1381 1367 Sigillum
1398 1305 1482 1350 cerne
1498 1289 1606 1352 rubrae

310 1401 370 1462 iilis
384 1403 485 1464 sericis
502 1399 584 1462 rubri
601 1405 632 1461 et
644 1399 749 1460 viridis
761 1400 869 1461 coloris
887 1398 1040 1477 appendet.
1061 1397 1144 1459 Licet
1156 1395 1254 1475 igura
1266 1399 1451 1474 imperatoris
1463 1397 1496 1458 ln
1507 1397 1606 1478 sigillo

311 1510 452 1585 impressa
465 1523 484 1569 a
496 1508 581 1569 solita
595 1505 692 1586 eldgie
704 1523 764 1568 uon
775 1507 946 1580 abhorreat,
960 1507 1055 1583 ipsius
1066 1504 1153 1583 sigilli
1172 1503 1268 1564 forma
1290 1508 1320 1564 et
1339 1503 1399 1564 duo
1411 1507 1493 1580 ouvl,
1514 1507 1604 1586 vulgo

310 1629 400 1675 neoc
412 1611 448 1674 de
455 1631 563 1694 poure,
578 1619 660 1692 tergo
673 1617 775 1674 muira
788 1612 910 1674 sollium
922 1613 1060 1690 impacti,
1075 1612 1133 1674 boe
1146 1617 1314 1689 suspectum
1326 1611 1463 1674 reddunt
1479 1614 1604 1676 luitiells

312 1735 431 1799 qnoque
444 1719 540 1780 linem
552 1719 668 1780 litterae
689 1719 843 1798 elongatae
862 1726 893 1781 et
911 1721 996 1798 quasi
1018 1735 1108 1780 mann
1129 1718 1603 1796 nemorumnemorum

311 1843 417 1904 corpus
426 1832 457 1888 et
469 1825 615 1904 quaedam
634 1827 667 1886 lu
684 1832 768 1888 testu
787 1826 921 1899 mendae,
935 1825 1195 1898 aedicationem,
1209 1824 1365 1902 labriam,
1380 1825 1458 1888 banc
1469 1826 1603 1890 chorum

312 1933 350 1995 ab
362 1934 507 2012 imperiali
520 1933 693 1995 cancellaria
706 1950 766 1994 non
779 1949 931 1994 emanasse
944 1932 1170 2008 demonstrant.)

239 2119 434 2196 Fridericus
452 2121 515 2195 Dei
533 2121 643 2216 gratia
659 2121 888 2194 Romanorum
907 2120 1091 2216 imperator
1107 2129 1142 2194 et
1156 2141 1291 2217 semper
1312 2129 1498 2216 augustus,
1521 2122 1602 2195 uni·

69 2303 74 2317 .
191 2248 301 2322 versis
318 2247 454 2344 imperii
475 2245 638 2321 fidelibus
656 2247 693 2318 iu
711 2254 928 2343 perpetuom.
950 2247 1121 2332 Quoniam
1135 2246 1346 2342 dispensatio
1362 2246 1483 2323 diviua
1505 2250 1603 2324 divi-

191 2373 279 2446 dens
293 2373 441 2466 singulis
454 2381 557 2468 prout
575 2373 652 2444 vult
666 2370 876 2445 fecundioris
890 2391 954 2444 nos
968 2372 1076 2465 gretie
1090 2371 1230 2444 dotibus
1246 2393 1311 2446 uec
1322 2374 1465 2468 quidem
1479 2373 1598 2470 digne,

190 2499 254 2572 sed
272 2497 536 2570 misericorditer
552 2495 774 2586 sublimavit,
790 2517 920 2591 equum
939 2495 1069 2592 quippe
1086 2504 1138 2568 est
1158 2503 1197 2567 ut
1213 2497 1304 2570 circa
1322 2517 1405 2570 suos
1423 2519 1487 2571 uos
1502 2499 1601 2572 iuve-

187 2625 264 2728 niet
291 2621 483 2714 beneficos,
510 2643 557 2696 ex
588 2624 688 2717 cujus
717 2619 952 2694 munificentia
985 2629 1110 2694 cuncta
1137 2631 1298 2694 emanant
1323 2644 1393 2718 que
1421 2624 1599 2718 largimur.

190 2750 278 2821 llinc
294 2758 347 2821 est
362 2747 458 2844 quod
473 2747 520 2820 ob
538 2746 765 2822 reverentiam
783 2745 845 2819 Dei
863 2744 1105 2842 omnipotentis
1123 2747 1268 2842 ejusque
1286 2747 1461 2842 genitricis
1476 2751 1601 2824 Sancte

189 2875 297 2948 lilarie
320 2873 484 2969 gloriam,
503 2873 666 2948 terminos
688 2871 836 2945 duorum
858 2870 1043 2944 miliarium
1064 2893 1086 2945 a
1113 2893 1220 2944 cornu
1242 2873 1395 2967 quolibet
1422 2874 1538 2948 altaris
1561 2895 1599 2949 se

189 3001 460 3095 circumquaque
474 2999 511 3071 iu
525 2999 669 3094 longum
685 2995 947 3071 extendentium
966 3005 1001 3069 et
1018 2996 1194 3087 inlatum,
1215 3019 1238 3071 a
1254 2997 1431 3093 quondam
1449 2999 1531 3074 dive
1544 3019 1599 3075 re·

189 3123 400 3198 cordationis
421 3123 581 3197 Lotbario
600 3124 830 3196 Romanorum
853 3121 1057 3217 imperatore
1074 3129 1190 3194 nostro
1209 3122 1449 3218 predecessore
1463 3144 1600 3198 monas·

189 3251 276 3325 tario
293 3250 389 3346 quod
415 3249 559 3323 Kumuiz
581 3249 709 3323 dicitur
724 3255 759 3320 et
784 3246 939 3343 personis
960 3246 1091 3320 ibidem
1113 3248 1185 3321 Deo
1209 3257 1244 3320 et
1268 3259 1386 3322 sancte
1406 3250 1513 3324 llario
1535 3273 1598 3347 ge·

188 3376 302 3449 uitrici
334 3377 411 3470 ejus
440 3373 634 3448 secuudum
660 3373 815 3469 regulam
843 3372 951 3445 sancti
977 3373 1154 3446 Benedicti
1176 3373 1306 3468 jugiter
1331 3376 1596 3470 famulantibus,

189 3525 270 3574 cum
292 3502 465 3575 universis
486 3499 605 3575 fundis
632 3509 667 3574 ct
687 3499 790 3597 pagis
811 3498 963 3594 ipsorum
984 3507 1020 3570 ct
1036 3499 1199 3572 totalibus
1222 3501 1457 3574 usufructibus
1473 3511 1508 3575 et
1520 3503 1600 3576 utti-

189 3627 317 3700 neutiis
338 3627 430 3721 suis,
459 3626 621 3702 videlicet
646 3623 842 3714 advocatia,
862 3623 1028 3715 ecclesiis,
1051 3623 1194 3720 prediis,
1217 3625 1348 3719 vineis,
1370 3626 1471 3719 areis,
1492 3628 1597 3724 agris,

189 3751 313 3846 pratis,
334 3751 493 3848 pascuis,
519 3751 644 3848 sylvia,
665 3749 766 3846 aquis
792 3757 827 3821 et
850 3769 1020 3844 aquarum
1045 3750 1173 3843 alveis,
1195 3751 1354 3846 virgultis
1378 3761 1412 3825 et
1429 3753 1599 3848 arbustis,

188 3875 441 3973 piscationibus
456 3885 491 3950 et
504 3875 724 3968 molendinis,
735 3873 805 3948 viis
818 3882 853 3948 et
866 3873 1008 3967 semitis,
1025 3873 1175 3970 denique
1187 3897 1293 3973 supra
1307 3886 1432 3951 terram
1446 3886 1481 3950 et
1496 3878 1598 3971 inira,

187 4003 235 4074 ab
261 4003 416 4075 omnium
446 4001 627 4075 homiuum
654 3999 836 4076 exactione
859 3999 917 4072 vel
945 3999 1187 4094 inquietudine
1214 4002 1347 4076 oblatos
1368 4003 1541 4076 liberrime
1565 4011 1600 4077 et

188 4127 336 4201 donatos
356 4135 391 4200 et
408 4125 627 4224 postmodum
642 4149 665 4200 a
678 4123 786 4200 salicis
802 4124 966 4198 memorie
983 4124 1131 4199 Conradi
1145 4127 1376 4199 Romanorum
1393 4128 1483 4222 regis
1496 4127 1599 4201 ctiam

187 4250 442 4348 predecessoris
454 4253 562 4326 nostri
576 4251 732 4347 gloriosis
742 4249 935 4347 privilegiis
945 4247 1223 4344 (i)confi1matos
1237 4259 1271 4323 et
1283 4251 1357 4324 suis
1373 4247 1549 4325 beneficiis
1564 4260 1599 4325 et

189 4373 291 4448 donis
308 4376 558 4466 corroboratos,
578 4377 626 4451 ad
644 4387 713 4450 tam
732 4379 869 4475 piorum
886 4383 1132 4458 beneficiorum
1147 4407 1328 4458 numerum
1347 4385 1550 4460 accedentes
1564 4394 1600 4460 et

200 4549 1139 4564 ——-————-———————-—-—-—————-
1152 4556 1185 4562 --ι
1192 4555 1267 4562 -οιο-
1274 4557 1379 4563 --ι--ω-
1386 4557 1392 4563 ,
1406 4557 1488 4564 ...ημ-

224 4646 262 4721 (t)
280 4644 400 4715 Quorum
422 4662 507 4704 unum
524 4646 617 4705 datum
638 4645 666 4702 in
683 4646 744 4705 Sina
762 4664 825 4708 ann.
844 4649 922 4708 Dour.
937 4646 1081 4721 llCXLlll,
1096 4647 1189 4706 indict.
1205 4647 1256 4720 111,
1275 4648 1411 4708 notatione
1430 4654 1533 4714 mensis
1545 4673 1601 4716 non

187 4759 332 4819 expressa,
346 4744 420 4818 apud
431 4744 556 4804 eumdem
570 4744 751 4805 Sohumacher
764 4747 816 4805 sub
827 4757 859 4805 u⁰
877 4751 888 4804 i
907 4746 1049 4822 reperitur.
