4326 5910
194 601 373 688 tuamne]
471 643 474 650 ,
645 603 841 666 arsroarn
866 599 1157 663 strnounrrca
1546 602 1606 666 aot

193 739 304 822 ribus
336 761 426 820 cum
458 736 719 849 indignatione
752 747 1005 841 recesserunt,
1038 735 1226 818 infinitam
1257 737 1457 846 pecuniam
1488 763 1607 848 quam

193 873 244 955 ad
260 869 525 954 redimendum
542 895 672 982 regem
690 873 894 957 attulerant
912 895 1040 954 secum
1058 869 1280 954 deferentes.
1302 870 1407 954 Unde
1424 873 1605 980 praedicti

192 1005 380 1114 principes
398 1001 537 1086 infecto
554 1005 707 1114 negotio
734 1005 882 1089 confusi
909 1005 1175 1088 discesserunt.
1198 1005 1357 1090 Gonane.
1385 1005 1516 1090 Conon.
1539 1033 1600 1115 ap.

192 1139 383 1245 Because,
399 1145 545 1244 sones,
560 1137 613 1244 ll,
627 1141 721 1223 356.

445 1428 479 1439 u·—
484 1427 1189 1440 nmmos—*w*
1195 1428 1352 1437 o--a---u—-n
1358 1429 1380 1437 .-
1385 1427 1393 1437 ι

243 1712 448 1819 Heminae,
469 1714 728 1800 Romanomm
754 1741 842 1823 rex,
865 1715 1140 1800 monasterinm
1166 1713 1370 1798 Poeldense
1396 1737 1483 1795 cum
1500 1735 1600 1820 pos-
1626 1745 1806 1854 ampo

190 1846 423 1932 sessionibus
440 1845 523 1960 ejus
540 1850 581 1931 in
599 1876 670 1933 sua
684 1850 837 1960 speciali
849 1851 1080 1960 protectione
1092 1848 1238 1960 recipit,
1257 1849 1367 1958 eique
1384 1845 1486 1932 bona
1503 1871 1601 1931 con-
1645 1857 1672 1900 1⁰
1683 1856 1786 1902 ΘΜ·
1869 1899 1871 1904 -

189 1976 318 2062 firmat
335 2007 434 2092 quae
452 2008 476 2064 a
494 1981 803 2066 ministerialibus
826 1981 973 2093 imperii
997 1981 1154 2092 adipisci
1171 1980 1322 2090 poterit.

271 2195 399 2274 (Edlder.
414 2197 608 2272 Lanarum.
626 2197 724 2280 aare.
740 2195 850 2275 Pectat,
865 2217 897 2278 p.
915 2198 1262 2274 tt,natar.-}1ooo,
1279 2193 1389 2258 Aaael.
1407 2196 1597 2272 emaus..

309 2310 334 2364 t.
349 2305 395 2378 11,
409 2321 440 2383 p.
457 2307 538 2382 88¹1.)

237 2490 419 2564 Heinricus
442 2493 503 2565 Vll
527 2493 588 2566 Dei
610 2493 719 2588 gratia
739 2495 970 2568 Romanorum
991 2513 1054 2566 rex
1076 2503 1111 2565 et
1132 2515 1269 2590 semper
1290 2504 1471 2590 angustus.
1494 2493 1598 2588 Apud

187 2635 306 2709 regem
323 2637 444 2711 regum
463 2617 578 2712 adque
593 2618 772 2713 utriusque
790 2618 862 2690 vite
882 2618 1075 2691 felicitatem
1091 2619 1191 2691 nobis
1208 2618 1373 2715 prodesse
1392 2639 1462 2690 non
1481 2617 1599 2689 ambi-

188 2737 303 2832 gimus
320 2741 630 2838 quotienscumque
651 2743 807 2839 personis
824 2743 993 2836 religiosis
1010 2743 1048 2814 in
1066 2743 1140 2815 suis
1156 2743 1378 2838 petitionibus
1395 2741 1598 2814 favorabiles

188 2863 422 2938 exstiterimus
447 2874 482 2938 et
507 2875 730 2961 augmentare
755 2867 992 2941 curaverimus
1014 2867 1091 2941 loca
1111 2866 1240 2941 divinis
1265 2865 1440 2959 obsequiis
1466 2865 1597 2936 manci-

189 2996 280 3082 pata.
302 2987 519 3086 Quapropter
543 2991 716 3064 universis
738 2991 873 3088 imperii
897 2991 1060 3067 fidelibus
1084 3003 1154 3066 tam
1178 2991 1394 3089 presentibus
1411 3011 1516 3086 quam
1539 2991 1594 3061 ln·

187 3112 274 3185 turis
296 3113 464 3188 duximus
486 3113 730 3190 declarandum
748 3117 845 3212 quod
869 3117 1085 3193 attendentes
1102 3117 1314 3191 honestatem
1331 3114 1528 3190 monasterii
1551 3114 1596 3188 de

187 3235 307 3311 Plolde
324 3249 358 3312 et
377 3241 577 3336 religionem
595 3243 738 3316 fratrum
763 3243 893 3318 ibidem
909 3247 981 3318 Deo
999 3243 1252 3334 famulantium,
1272 3241 1464 3338 recepimus
1479 3240 1594 3336 ipsum

187 3361 432 3435 monasterium
453 3386 534 3437 cum
556 3365 717 3439 omnibus
739 3366 840 3440 bonis
856 3367 929 3440 suis
946 3367 1013 3441 sub
1036 3366 1220 3462 specialem
1238 3375 1388 3438 nostram
1407 3372 1441 3438 et
1459 3364 1593 3459 imperii

187 3486 455 3578 protectionem,
485 3487 725 3564 confirmantes
753 3491 787 3564 ei
811 3491 993 3564 universas
1016 3489 1249 3587 possessiones
1271 3511 1360 3585 quas
1385 3489 1420 3561 in
1445 3509 1593 3584 presen-

187 3607 313 3684 tiarum
326 3611 459 3684 obtinet
475 3635 608 3707 quasve
621 3615 656 3686 in
674 3623 860 3711 posterum,
881 3616 1027 3689 Domino
1043 3613 1266 3706 eoncedente,
1287 3611 1524 3708 acquisitionis
1541 3612 1592 3684 ti-

186 3733 259 3806 tulo
283 3733 386 3807 fuerit
402 3735 578 3833 adeptum.
600 3739 651 3812 De
669 3739 911 3812 abundantiori
932 3762 1071 3834 quoqne
1089 3739 1198 3834 gratia
1216 3747 1250 3812 et
1273 3736 1452 3810 clementia
1477 3744 1591 3809 nostra

186 3879 255 3952 qua
276 3858 369 3933 idem
393 3864 639 3937 monasterium
664 3865 936 3960 complectimur,
960 3865 1182 3938 concedimus
1199 3865 1234 3936 e't
1258 3861 1478 3956 indulgemus
1500 3861 1533 3933 ei
1553 3871 1592 3931 nt

190 4031 328 4057 .....
348 3993 452 4080 atque
467 3983 511 4056 de
527 3985 627 4059 bonis
644 3987 800 4082 imperii,
824 3987 899 4060 sive
917 3987 1146 4062 ministerialis
1163 3987 1266 4060 fuerit
1279 3986 1354 4058 sive
1371 3985 1458 4058 liber
1473 3985 1588 4074 bomo,

186 4127 255 4200 qna
278 4129 299 4180 a
321 4109 422 4182 nobis
445 4121 550 4206 atque
575 4111 717 4207 imperio
742 4121 835 4185 tenet
852 4121 1056 4208 potestatem
1073 4113 1247 4207 aliquam,
1272 4110 1347 4184 sive
1361 4111 1513 4184 vendere
1535 4107 1590 4180 vel

186 4229 289 4304 etiarn
310 4255 374 4330 pro
399 4235 554 4309 remedio
579 4237 693 4309 anime
720 4258 783 4310 sne
808 4236 911 4311 dictis
926 4237 1088 4312 tratribus
1110 4237 1239 4310 donare
1263 4235 1410 4308 voluerit
1428 4236 1485 4308 vel
1503 4254 1591 4328 quo·

186 4373 336 4450 comque
354 4358 423 4430 alio
448 4359 552 4434 modo
575 4361 739 4453 alienare,
762 4358 870 4435 libere
892 4362 930 4435 id
953 4363 1065 4434 tacere
1081 4361 1188 4458 possit
1207 4369 1241 4434 et
1256 4360 1388 4453 absque
1406 4381 1592 4432 consensus

186 4480 291 4550 nostri
310 4483 549 4577 requisitione;
571 4485 663 4558 bona
684 4486 799 4559 omnia
826 4508 895 4580 qne
917 4485 1131 4582 sepedictum
1154 4483 1397 4556 monasterium
1418 4493 1452 4580 et
1473 4484 1592 4556 tratres

185 4599 296 4696 ipsius
313 4606 424 4682 taliter
443 4608 561 4706 adepti
584 4610 730 4703 luerint,
755 4619 919 4706 perpetua
936 4609 1020 4706 ipsis
1037 4609 1221 4682 stabilitate
1240 4605 1492 4681 confirmantes.
1516 4610 1591 4682 Sta·

185 4725 315 4800 trimus
335 4729 442 4824 igitur
459 4743 495 4806 et
513 4735 608 4830 regio
624 4735 739 4810 edicto
760 4733 903 4808 tirmiter
916 4735 1091 4810 sancimus
1110 4743 1148 4807 ut
1165 4734 1259 4806 nulla
1276 4755 1430 4828 unquam
1447 4755 1593 4831 persona
