4466 5914
527 568 590 630 634
1027 577 1242 642 Fulbbltlcl
1268 577 1440 641 saccant
1750 576 1830 664 [Ass.
1851 577 1936 640 taso.

577 707 761 800 Honorius,
783 719 872 800 eto,
890 711 1063 788 Friderico
1080 715 1294 812 imperatori,
1311 725 1377 790 etc.
1399 715 1484 788 Cum
1505 713 1668 788 omnibus
1689 714 1850 808 injuriam
1871 735 1938 812 pc-

529 831 694 905 tieutibus
720 844 863 930 paterno
886 840 1136 934 compatiamur
1158 842 1282 916 allecto
1308 851 1342 914 et
1357 839 1561 936 gravamina
1579 838 1815 934 singulorum,
1836 848 1939 934 prout

528 955 575 1029 ad
592 963 747 1030 nostrum
766 967 897 1053 spectat
912 961 1083 1055 officium,
1107 965 1252 1037 sollicite
1269 985 1530 1060 persequamur,
1549 961 1724 1036 molestias
1741 971 1776 1034 et
1785 962 1938 1056 jacturas

528 1098 598 1172 que
615 1079 806 1154 viatoribus
830 1091 864 1154 et
890 1085 1070 1178 presertim
1094 1087 1314 1160 venientibus
1342 1086 1389 1160 ad
1417 1085 1542 1159 &dem
1566 1083 1797 1182 Apostolicum
1822 1095 1856 1158 et
1879 1106 1938 1158 re-

528 1199 716 1276 deuntibus
742 1205 949 1300 inseruntur,
977 1218 1073 1282 tanto
1102 1212 1297 1286 accuratius
1321 1210 1483 1307 prosequi
1508 1229 1573 1282 nos
1597 1219 1729 1304 oportet
1755 1219 1791 1282 et
1816 1217 1937 1282 stratas

526 1325 684 1422 publicas
709 1327 826 1403 debita
849 1332 1031 1406 securitate
1048 1335 1154 1426 tueri,
1173 1343 1304 1430 quanto
1324 1334 1362 1408 id
1384 1333 1431 1407 ad
1457 1333 1621 1426 majorem
1637 1333 1817 1406 utilitatem
1833 1334 1936 1408 totius

527 1451 645 1546 populi
676 1453 853 1527 christiani
888 1455 1102 1552 dignoscitur
1126 1459 1324 1533 redundare
1351 1481 1441 1532 acu
1475 1456 1777 1554 predecessoribus
1812 1457 1936 1530 uostris

527 1575 654 1649 lactum
673 1585 725 1651 est
740 1577 907 1654 hactenus
925 1591 959 1656 et
976 1605 997 1655 a
1018 1583 1119 1658 nobis
1144 1583 1324 1657 sollicitius
1350 1593 1592 1679 procuratum
1611 1581 1672 1677 qui
1694 1589 1745 1654 ter
1765 1582 1801 1654 in
1826 1601 1931 1672 anno,

524 1699 688 1776 videlicet
704 1703 740 1776 in
757 1704 815 1778 die
830 1705 921 1782 Cene
934 1709 1090 1801 Domini,
1111 1711 1197 1783 sesto
1212 1707 1446 1792 Ascensionis,
1461 1716 1496 1782 et
1511 1705 1778 1780 consecrationis
1794 1706 1934 1779 basilice

525 1825 617 1899 beati
632 1827 741 1919 Petri,
762 1831 958 1906 solemniter
980 1843 1138 1930 presente
1154 1843 1225 1906 toto
1242 1833 1372 1930 pupulo
1390 1833 1452 1928 qui
1470 1832 1515 1906 de
1533 1832 1681 1906 diversis
1702 1831 1824 1905 mundi
1848 1853 1933 1927 par-

524 1951 618 2025 tibus
641 1962 725 2026 tunc
746 1955 936 2050 concurrit,
956 1980 1076 2032 ornnes
1097 1959 1281 2032 violatores
1298 1967 1480 2033 stratarum
1507 1980 1586 2031 curn
1610 1957 1683 2030 suis
1710 1955 1934 2052 complicibus

524 2080 891 2156 excommunicationis
907 2083 1048 2157 vinculo
1068 2084 1276 2160 innodemus
1292 2082 1357 2181 (l).
1377 2085 1467 2158 Sane
1487 2082 1578 2156 lilius
1593 2082 1717 2174 Belial,
1738 2079 1934 2155 Tancredus

525 2201 570 2275 de
586 2203 760 2300 Campelio
777 2205 841 2280 bec
862 2207 951 2281 sicut
967 2209 1131 2282 convenit
1156 2231 1226 2282 nou
1249 2208 1447 2302 attendens,
1474 2230 1586 2305 nuper
1611 2205 1759 2278 militum
1783 2203 1933 2278 Bnrtoldi

524 2327 746 2402 multitudine
770 2332 940 2425 sociatus,
959 2334 1086 2406 multos
1109 2345 1179 2406 tam
1196 2345 1312 2408 nostre
1331 2333 1459 2408 lamilie
1479 2355 1584 2428 quam
1603 2331 1688 2406 alios
1705 2330 1884 2404 venientes
1901 2337 1935 2402 et

522 2451 707 2527 redeuntes
723 2457 768 2529 ab
786 2455 981 2553 Apostolica
992 2459 1082 2532 Sede
1100 2459 1209 2555 cepit3
1229 2479 1318 2554 quos
1332 2481 1394 2556 per
1406 2459 1509 2533 devia
1523 2457 1655 2531 ducens
1670 2465 1705 2530 et
1721 2455 1933 2551 Campelium

523 2579 574 2651 ire
601 2581 810 2676 compellens
836 2583 1003 2674 gravibus
1031 2584 1171 2657 allectos
1203 2583 1340 2677 injuriis
1369 2583 1417 2658 ad
1450 2582 1647 2658 Bertoldum
1683 2579 1799 2654 media
1834 2587 1933 2652 nocte

522 2703 724 2797 transmisit,
752 2705 814 2800 qui
840 2708 1098 2804 presumptione
1120 2708 1310 2782 damnabili
1333 2729 1453 2782 omues
1481 2709 1635 2804 ipsorum
1666 2707 1794 2778 litteras
1819 2703 1934 2800 impe-

522 2836 626 2901 tratas
641 2849 663 2901 a
679 2829 779 2902 nobis
801 2831 926 2927 inspici
945 2833 1092 2926 iaciens,
1113 2833 1231 2907 exeis
1252 2853 1316 2930 per
1340 2832 1504 2907 officiales
1530 2852 1613 2905 suos
1638 2851 1708 2903 non
1734 2829 1810 2902 sine
1833 2828 1932 2923 gravi

521 2953 620 3028 Sedis
637 2953 832 3050 Apostolice
847 2956 974 3049 injuria
989 2968 1024 3032 et
1039 2967 1238 3054 contemptu
1259 2956 1335 3031 fieri
1359 2957 1440 3031 fecit
1457 2979 1571 3030 coram
1590 2955 1723 3028 cunctis
1739 2953 1932 3027 astantibus

521 3078 732 3152 audientiam
755 3083 963 3175 generalem.
987 3081 1089 3167 Quod
1112 3083 1177 3156 vix
1199 3083 1329 3178 estqui
1353 3083 1506 3178 ambigat
1526 3083 1602 3155 sine
1628 3091 1688 3154 tua
1713 3079 1932 3153 conniventia

512 3203 595 3277 lieri
611 3205 783 3300 potuisse,
803 3207 955 3279 manime
978 3207 1164 3280 cumidem
1190 3206 1372 3282 Bertoldus
1395 3207 1456 3302 qui
1479 3205 1544 3280 bec
1564 3227 1652 3280 ausu
1671 3203 1802 3278 nefario
1821 3213 1931 3278 atten-

522 3338 594 3403 tare
618 3330 826 3424 presumpsit
847 3331 892 3402 sit
915 3339 996 3404 tuus
1022 3333 1163 3406 nuntius
1187 3333 1364 3428 specialis,
1388 3340 1424 3406 et
1447 3353 1564 3404 coram
1586 3329 1780 3404 astantibus
1802 3347 1932 3424 propo-

520 3455 632 3530 suisse
650 3456 785 3530 dicatur
802 3457 996 3554 predictum
1018 3457 1233 3532 Tancredum
1250 3459 1379 3532 babere
1401 3481 1422 3532 a
1441 3467 1475 3532 te
1495 3465 1613 3531 contra
1635 3463 1746 3528 certas
1767 3473 1931 3549 personas

519 3578 674 3652 violandi
692 3589 832 3654 stratam
853 3582 1026 3656 licentiam
1046 3583 1243 3680 specialem.
1269 3585 1307 3658 ln
1323 3604 1394 3679 quo
1411 3591 1580 3678 quantum
1600 3578 1768 3675 imperiali
1789 3576 1933 3650 celsitu·

520 3701 595 3777 diui
610 3702 809 3800 derogetur,
829 3729 907 3779 cum
926 3708 1099 3804 inquietos
1115 3709 1302 3804 corripere,
1318 3729 1389 3780 non
1408 3708 1538 3798 lovere,
1559 3727 1601 3779 ac
1622 3701 1796 3778 malelicos
1814 3711 1849 3776 et
1868 3723 1931 3798 op·

519 3847 694 3926 pressores
720 3829 941 3903 innocentum
965 3831 1127 3928 persequi
1152 3831 1318 3920 tenearis,
1342 3851 1407 3904 nec
1430 3839 1469 3903 tu
1493 3830 1632 3924 ignoras
1656 3847 1722 3900 neo
1745 3845 1810 3898 uos
1830 3835 1931 3898 atrox

519 3955 645 4050 injuria
663 3954 700 4028 in
717 3953 784 4028 boc
802 3956 956 4030 Ecclesia
973 3956 1122 4052 irrogata
1138 3957 1268 4053 patitur
1280 3956 1452 4052 ignorare.
1472 3953 1558 4026 Cum
1575 3951 1683 4048 igitur
1698 3949 1784 4022 nibil
1798 3949 1843 4022 sit
1860 3969 1931 4044 qno

519 4081 631 4176 magis
654 4089 815 4176 tangatur
830 4089 939 4154 status
955 4081 1108 4155 Ecclesia
1127 4081 1279 4177 quamsi
1297 4079 1489 4154 viatoribus
1504 4087 1540 4152 et
1554 4075 1744 4174 peregrinis
1765 4074 1930 4148 securitas

1741 4284 1928 4300 ...αφά-..ο

556 4436 594 4513 (t)
614 4435 681 4494 cum
694 4434 763 4493 ritus
776 4433 856 4509 hujus
873 4434 977 4494 nullum
990 4434 1121 4493 uetustius
1134 4433 1318 4492 testimonium
1331 4431 1437 4507 uspiam
1451 4435 1582 4502 secuml,
1592 4444 1642 4503 per
1653 4425 1722 4485 bueo
1734 4429 1855 4498 tempora
1865 4433 1929 4480 coe-

518 4536 590 4614 pisse
603 4521 757 4609 susp'lcatur
768 4534 884 4593 blansius
895 4533 973 4608 (uota
983 4533 1019 4591 ad
1030 4535 1115 4608 llayu.
1129 4531 1226 4606 ibid),
1238 4538 1267 4589 et
1279 4533 1337 4606 ejus
1351 4530 1508 4588 instituendi
1520 4543 1629 4586 caumm
1648 4525 1755 4583 dedisse
1766 4535 1856 4579 sacras
1868 4533 1928 4577 cru·

519 4635 649 4692 melonum
661 4632 775 4690 milicem
789 4633 985 4706 expeditiones.
999 4631 1103 4702 Quibus
1117 4629 1301 4700 cessantibus,
1323 4643 1448 4686 succensu
1470 4627 1599 4701 temporis
1619 4628 1635 4682 b
1655 4621 1742 4680 tribus
1761 4635 1810 4694 per
1829 4633 1929 4676 aunum

520 4731 626 4792 vicibus
639 4731 794 4790 adonicam
807 4731 1004 4803 tantimodo,
1021 4745 1118 4805 nempe
1132 4727 1160 4786 in
1173 4727 1261 4787 Οοοιιι
1274 4728 1396 4802 Domini,
1409 4729 1491 4785 ritum
1506 4724 1580 4783 illurn
1594 4723 1715 4795 redigere
1726 4717 1815 4776 risum
1827 4715 1885 4772 luit.
