4330 5914
196 619 295 682 taurea
314 617 378 699 tu]
652 613 850 678 HISTORIA
875 609 1167 674 diplomatica.
1558 597 1614 672 itt

195 755 365 842 exitibus,
385 752 575 844 reditibus,
596 751 676 844 uiis,
691 751 812 843 inviis,
831 771 894 824 seu
908 771 989 822 cum
1007 748 1103 822 omui
1120 745 1266 820 utilitate
1279 765 1349 839 que
1363 745 1534 820 ullatenus
1547 745 1616 820 ha-

196 879 272 952 beri
289 887 419 976 potest3
443 877 601 950 similiter
623 898 704 949 cum
724 873 927 971 baptisterio
947 883 983 946 et
1003 871 1147 946 decimis
1164 891 1224 965 per
1240 889 1446 944 eonsensum
1463 869 1612 945 Bnldrici

197 1013 281 1074 tuno
297 1001 499 1076 leodiensis
513 1000 667 1096 episcopi
681 1008 717 1072 et
732 999 826 1094 agris
840 997 976 1094 imperii
990 997 1027 1070 iu
1045 996 1212 1070 tdmlaues
1224 992 1276 1088 (l)
1289 1003 1323 1068 et
1335 993 1480 1068 Crenual
1497 1005 1531 1068 et
1547 995 1615 1069 dc-

197 1126 297 1199 cimis
310 1147 431 1200 eorum
450 1126 581 1220 quibus
599 1124 763 1198 omuibus
779 1123 891 1220 ipsam
907 1121 1089 1196 ecclesiam
1108 1119 1242 1194 dotavit
1257 1147 1266 1192 ε
1283 1120 1332 1194 ita
1345 1119 1508 1194 videlieet
1517 1118 1615 1215 quod

198 1251 394 1348 prepositus
413 1251 525 1348 ipsius
541 1250 688 1326 ecclesie
702 1250 781 1326 vice
804 1248 938 1345 imperii
954 1246 1068 1340 judex
1086 1255 1122 1320 et
1146 1255 1288 1320 exactor
1303 1244 1502 1341 supradicte
1526 1267 1614 1341 pos-

197 1376 362 1450 sessionis
377 1384 412 1448 et
426 1375 581 1448 omnium
595 1374 829 1448 habitantium
843 1374 880 1445 iu
891 1394 934 1446 oa
946 1393 1083 1466 semper
1097 1378 1305 1466 permaneat.
1321 1369 1484 1444 Similiter
1494 1391 1615 1444 eorum

197 1501 290 1576 bona
316 1503 353 1574 in
377 1499 612 1596 inglenheim,
640 1501 759 1596 Speie,
784 1497 961 1594 Cousdorp
982 1509 1019 1570 et
1037 1496 1119 1571 alibi
1142 1496 1234 1570 circa
1255 1495 1417 1587 Siuoehe,
1443 1494 1614 1588 Wintere,

198 1627 311 1718 Vails,
331 1627 419 1700 Oine
435 1637 472 1700 et
487 1627 619 1718 Sornu,
644 1624 904 1720 Londersdorp,
923 1623 1098 1714 Bolheim,
1118 1621 1320 1710 Bastwilre,
1345 1632 1381 1696 et
1404 1622 1440 1694 iu
1462 1623 1618 1717 partibus

198 1751 421 1824 interioribus
443 1751 585 1838 Umere,
608 1747 795 1839 blaldrike,
822 1747 937 1838 Diest,
964 1757 1000 1820 et
1022 1747 1187 1822 Valdrilro
1209 1769 1288 1820 cum
1312 1748 1474 1820 omuibus
1494 1769 1615 1824 eorum

199 1875 415 1971 pertinentiis
437 1875 474 1946 iu
487 1874 577 1948 Uthe
591 1883 628 1947 et
641 1873 687 1950 de
702 1871 862 1948 bloldeke
873 1870 925 1968 (2)
942 1873 1075 1948 tertium
1094 1881 1227 1967 purtem
1248 1880 1284 1946 et
1301 1871 1388 1946 alias
1404 1872 1617 1968 ubicumque

198 2001 265 2075 sita
283 2009 318 2076 et
334 2000 535 2075 homiuibus
557 1999 643 2096 ipsis
668 1997 918 2094 pertinentibus
932 2019 1012 2070 cum
1030 1998 1125 2072 omui
1138 1998 1234 2090 jure,
1248 1997 1384 2088 judicio
1399 2007 1434 2070 et
1448 1998 1612 2092 utilitate,

198 2134 302 2220 prout
315 2126 429 2200 eidem
444 2123 589 2199 ecclesie
603 2125 726 2198 collata
739 2131 821 2196 sunt
835 2131 870 2196 et
887 2123 924 2196 in
938 2121 1130 2218 privilegiis
1145 2121 1390 2217 imperatorum
1403 2121 1480 2196 sive
1491 2143 1614 2217 regum

199 2249 419 2342 confirmata,
436 2249 606 2346 imperiali
623 2247 826 2324 auctoritate
844 2269 907 2344 per
928 2247 1093 2343 paginam
1112 2255 1308 2343 presentem
1326 2246 1392 2341 ipsi
1412 2247 1556 2320 ecclesie
1577 2247 1614 2320 iu

199 2384 406 2472 perpetuum
433 2371 700 2464 confirmamus3
728 2381 919 2446 statuentes
944 2381 979 2445 et
1009 2370 1150 2444 tirmiter
1174 2370 1403 2467 precipientes
1429 2393 1474 2446 ue
1498 2371 1615 2466 aliqua

199 2523 368 2598 umquam
389 2521 536 2598 persona
557 2499 699 2572 humilis
714 2499 771 2573 vel
785 2499 871 2586 alta,
889 2499 1054 2572 secularis
1076 2499 1133 2570 vel
1157 2497 1405 2590 ecclesiastica,
1422 2497 1614 2593 predictum

197 2628 379 2701 ecclesiam
398 2636 433 2700 et
455 2626 667 2722 prepositum
691 2626 767 2718 eius
785 2624 823 2696 in
843 2623 1010 2720 predictis
1032 2621 1195 2696 omnibus
1214 2621 1453 2716 aliquomodo
1476 2621 1612 2716 ledere,

199 2754 382 2828 molestare
402 2759 463 2824 aut
487 2750 688 2846 perturbare
706 2758 894 2844 presumat.
913 2747 1016 2833 Quod
1031 2747 1062 2820 si
1077 2747 1157 2842 quis
1175 2748 1287 2821 lacere
1305 2747 1574 2840 attemptaverit,
1593 2769 1614 2820 a

198 2877 310 2970 gratia
330 2875 502 2976 imperiali
526 2872 734 2948 exclusust}
753 2895 887 2946 marcas
901 2873 976 2946 auri
995 2893 1059 2968 pro
1074 2895 1164 2968 pena
1177 2880 1376 2966 componat,
1393 2870 1612 2946 medietatam

200 3021 336 3074 camere
355 3009 488 3092 nostre,
511 2999 679 3096 reliquam
703 2999 813 3096 passis
836 2996 1079 3090 iujuriambd
1101 3000 1201 3092 cujus
1225 2997 1276 3070 rei
1302 2995 1513 3070 evidentiam
1535 3019 1614 3094 pre·

198 3135 332 3197 sentem
372 3124 535 3219 paginam
571 3123 653 3198 iude
690 3123 920 3220 conscriptam
958 3124 1144 3218 majestatis
1173 3131 1288 3198 nostre
1325 3122 1438 3218 sigillo
1469 3123 1614 3196 fecimus

199 3271 419 3322 communiri.

247 3374 361 3466 liujus
374 3375 426 3448 rei
445 3383 546 3448 testes
565 3383 648 3448 suut
670 3375 899 3466 Eugclbertns
921 3373 1133 3448 Coloniensis
1151 3373 1294 3448 ecclesie
1318 3372 1610 3470 archiepiscopus,
1737 3467 1740 3474 A

199 3499 350 3574 Silridus
366 3501 641 3595 blognutinensis
657 3501 957 3598 archiepiscopus,
983 3499 1215 3574 Theodericus
1235 3498 1453 3574 Treversnsis
1472 3499 1611 3572 archic-

199 3624 377 3720 piscopus,
396 3627 498 3721 Hugo
521 3625 733 3717 leodiensis,
759 3626 837 3699 Otto
857 3625 1096 3718 Trajectensis,
1116 3623 1301 3722 Adelphos
1325 3623 1611 3718 Oseubrugensis,

199 3749 380 3824 Conradus
393 3748 596 3842 hliudeusis,
611 3749 690 3824 Otto
704 3749 1024 3843 werceburgensis,
1043 3749 1192 3823 Silridus
1204 3749 1433 3844 Augustensis
1445 3747 1612 3845 episcopi,

199 3875 399 3948 Heribertus
425 3875 693 3968 Werdenensis,
720 3876 912 3949 Florentius
938 3873 1097 3949 ludensis
1130 3875 1295 3966 abbates,
1330 3873 1511 3946 Heinricus
1538 3873 1614 3948 dux

199 3999 436 4096 lotharingie,
458 3999 539 4074 Otto
563 4001 639 4075 dux
661 4001 827 4092 Bavarie,
854 3999 1064 4074 Lodewicus
1089 4019 1204 4072 comes
1226 3997 1271 4072 de
1291 3997 1518 4090 Wintenbcrc,
1546 3995 1612 4072 Ge·

198 4123 324 4197 rardus
341 4146 456 4199 comes
484 4124 529 4198 de
544 4125 653 4219 Dicte,
673 4124 851 4200 Tiderlcus
875 4123 1036 4198 domiuus
1060 4122 1105 4197 de
1130 4123 1355 4214 Heiuesberc,
1383 4121 1545 4197 Gerlacus
1568 4121 1614 4197 de

236 4483 273 4560 (t)
291 4485 418 4546 llorimea
429 4495 520 4546 tamen
530 4531 538 4560 ,
550 4489 579 4545 iu
590 4487 736 4547 donatione
749 4487 855 4546 henrici
866 4486 978 4544 secundi
995 4485 1174 4562 imperatoria
1186 4501 1257 4561 quus
1267 4485 1386 4546 ridenda
1397 4486 1425 4544 in
1437 4487 1616 4562 primovolu·

199 4581 272 4641 mine
285 4583 448 4644 collectionis
460 4603 476 4644 a
492 4587 663 4646 Lacombleto
675 4587 776 4656 editae,
792 4596 824 4644 n⁰
838 4588 900 4644 tot.

235 4682 273 4754 (2)
289 4683 329 4740 Do
347 4681 392 4741 bis
408 4685 534 4743 omnibus
550 4685 616 4744 locis
628 4691 659 4745 ot
671 4683 876 4758 donationibus,
888 4684 951 4744 uide
967 4685 995 4742 iu
1008 4683 1095 4760 primo
1110 4682 1245 4743 uolumine
1257 4681 1379 4759 ejusdem
1398 4682 1561 4744 collectionis
1580 4684 1615 4742 ad

200 4785 242 4832 uo·
254 4781 317 4851 reo,
332 4781 396 4850 tta,
410 4781 472 4854 ιιι,
486 4782 552 4856 rut,
567 4785 632 4855 rot,
650 4786 713 4854 soe,
732 4785 796 4841 aas.
