4326 5910
194 583 294 644 horor.
313 577 373 664 lb]
643 573 841 636 flieronis
865 569 1158 634 biatoiiaiitli.
1549 561 1607 626 861

196 719 356 793 Mathone
373 715 451 790 dux
471 711 709 806 Lethariugie,
729 710 958 806 Marquardos
976 709 1129 783 notarius
1145 708 1224 780 aule
1241 704 1355 800 regie,
1375 704 1545 778 Henricus
1562 700 1608 774 de

196 845 354 934 Ulmene,
374 838 543 913 ilenricus
560 837 606 912 de
620 836 799 912 cimeterio
817 836 1044 927 Gonlluentie,
1065 844 1100 908 et
1119 834 1236 930 plures
1254 829 1325 903 alii.

246 969 372 1042 Datum
398 967 540 1054 Lutree,
570 983 663 1035 anno
693 961 866 1035 dominice
889 959 1133 1034 incarnationis
1163 957 1345 1030 millesimo
1372 953 1610 1028 ducentesimo

200 1092 367 1168 vicesimo
387 1090 528 1184 quinto,
543 1088 690 1184 septimo
705 1087 871 1160 kalendas
889 1086 985 1178 maii,
1004 1084 1193 1159 indictione
1213 1081 1348 1154 decima
1366 1080 1478 1154 tertia.

448 1397 795 1410 “ODfflm

261 1677 468 1786 Henricus,
501 1677 762 1762 Romanorum
788 1705 874 1784 rex,
904 1677 1097 1762 Goteirido
1120 1677 1249 1761 abbati
1279 1687 1317 1762 et
1346 1677 1548 1762 conventui
1579 1678 1619 1760 in

208 1811 418 1896 Schbnthal
437 1811 636 1896 confirmat
649 1811 846 1920 praedium
864 1811 1065 1922 Bieringen
1083 1811 1188 1921 quod
1203 1809 1252 1894 ab
1268 1810 1430 1896 Henrico
1448 1813 1496 1896 dc
1517 1811 1624 1894 Lan-

210 1945 381 2058 gcnberg
397 1953 435 2030 et
453 1945 502 2030 ab
520 1972 637 2030 uxore
659 1944 742 2056 ejus
759 1955 954 2051 emerunt,
977 1946 1106 2031 addito
1131 1946 1236 2056 quod
1254 1944 1383 2056 Agnes
1401 1947 1449 2031 de
1466 1945 1624 2029 Bilrieth

210 2080 384 2192 ejusdem
414 2079 565 2164 Hearici
597 2105 729 2164 socrus
759 2079 1046 2165 contradictioni
1077 2079 1374 2192 quamdudum
1405 2080 1628 2166 obtenderet

211 2213 631 2300 omninorenuntiavit.
1162 2235 1164 2240 ⁴

295 2461 394 2536 (Edld.
411 2461 437 2522 J.
455 2460 491 2522 ll.
506 2457 678 2534 Genucius,
698 2455 862 2540 llffendea'm.
877 2457 1116 2536 Ncbcmtundea,
1138 2467 1162 2522 t.
1178 2462 1211 2535 Ι,
1233 2478 1264 2538 p.
1282 2470 1376 2536 1204,
1391 2459 1444 2522 sed
1463 2462 1564 2522 ruiuus
1580 2461 1629 2522 iu-

333 2575 423 2648 tegra
436 2567 485 2630 Ad
498 2567 588 2628 fldem
601 2568 754 2646 originalis
767 2567 941 2630 exhibemus
954 2585 992 2629 ex
1004 2571 1087 2646 copia
1099 2584 1188 2646 quam
1199 2567 1285 2628 nobis
1299 2568 1456 2630 liberaliter
1469 2569 1629 2630 Kaualerua

336 2677 577 2738 communicavit.
600 2675 735 2754 Sigillum
757 2691 892 2750 cereum,
907 2678 1023 2755 egregie
1037 2683 1259 2748 conservatum,
1275 2692 1313 2736 ex
1332 2675 1391 2736 illis
1410 2677 1511 2737 sericis
1532 2675 1630 2738 rubris

334 2783 479 2861 namque
492 2782 672 2862 ospitem,
688 2781 776 2843 aree
788 2781 1194 2862 regannm2†annnrcvs
1214 2764 1257 2844 m
1277 2763 1357 2844 orla
1376 2782 1631 2845 aomanorum

336 2889 417 2952 sax
436 2887 486 2950 au
506 2887 620 2951 seran.
643 2885 871 2968 avovsrvs.)

267 3105 309 3177 ln
326 3102 466 3177 nomine
480 3110 599 3176 sancte
614 3111 649 3176 et
666 3101 851 3176 individue
862 3101 1047 3175 Trinitatis.
1063 3102 1247 3176 Heinricns
1261 3103 1429 3199 septimus
1442 3104 1504 3178 Ilei
1520 3104 1630 3200 gratia

220 3232 449 3304 Romanorum
465 3249 547 3318 rex,
566 3249 703 3324 sempor
717 3237 899 3322 angustas.
922 3229 993 3300 Deo
1011 3227 1236 3323 omnipotenti
1254 3237 1390 3322 gratum
1416 3251 1485 3302 non
1512 3230 1631 3302 ambi-

220 3358 335 3448 gimus
353 3363 504 3452 prestare
521 3354 741 3449 obsequium,
758 3365 792 3427 et
813 3354 859 3428 ad
876 3355 1058 3449 utriusque
1079 3356 1151 3427 vite
1168 3355 1365 3428 felicitatem
1385 3357 1512 3428 scimus
1532 3357 1632 3430 nobis

221 3481 404 3578 prodesse,
423 3480 454 3553 si
476 3500 637 3575 personas
661 3479 838 3573 religiosas
865 3489 901 3552 et
925 3480 1000 3552 loca
1022 3479 1153 3552 divinis
1171 3481 1364 3575 mancipata
1383 3481 1559 3576 obsequiis
1575 3482 1634 3578 pio

222 3606 458 3680 curaverimus
485 3604 670 3679 detondere
687 3607 819 3693 lavore,
840 3614 875 3678 et
890 3627 930 3678 ea
949 3627 1018 3699 qua
1037 3604 1083 3678 ad
1105 3605 1258 3700 ipsorum
1284 3607 1504 3680 commodum
1527 3608 1632 3704 perti·

222 3741 327 3806 noant
349 3730 531 3804 salubriter
556 3751 771 3826 promovere.
791 3731 1024 3826 Quapropter
1045 3731 1092 3804 ad
1117 3731 1359 3804 universorum
1383 3734 1519 3830 imperii
1540 3733 1635 3808 lide-

222 3857 309 3929 lium
327 3867 398 3929 tam
423 3856 634 3952 presentium
656 3877 761 3950 quam
788 3857 979 3927 futurorum
998 3855 1161 3928 noticiam
1188 3857 1356 3929 duximus
1378 3859 1633 3954 perferendum,

225 3981 321 4079 quod
348 4002 428 4052 cum
459 3980 575 4055 dilecti
603 3980 708 4052 nostri
734 3979 929 4054 Goteiridus
954 3980 1062 4052 abbas
1090 3989 1125 4052 et
1145 3993 1337 4055 conventus
1363 3984 1398 4055 in
1423 3985 1633 4073 Sconendal‚

225 4106 356 4182 ordinis
369 4106 618 4193 cisterciensis,
638 4128 660 4180 a
678 4105 784 4179 nobili
808 4107 885 4178 viro
900 4105 1059 4178 Heinrico
1078 4105 1124 4178 de
1139 4107 1361 4201 Langenberc
1383 4119 1418 4183 et
1438 4132 1551 4184 uxore
1573 4101 1636 4183 sua

227 4233 353 4329 Sophia
381 4231 541 4328 predium
564 4230 742 4326 quoddam
767 4232 871 4304 situm
899 4233 935 4304 in
961 4233 1037 4304 loco
1062 4231 1244 4326 Biringen,
1268 4255 1348 4304 cum
1375 4235 1538 4308 omnibus
1564 4237 1636 4308 suis

227 4356 414 4430 attinentiis
432 4367 545 4452 preter
560 4355 734 4452 mancipia
750 4357 932 4452 utriusque
951 4379 1070 4444 sexus,
1096 4379 1157 4452 pro
1179 4358 1336 4430 ducentis
1361 4358 1483 4430 marcis
1502 4362 1633 4454 argenti

229 4491 498 4579 comparassent,
519 4491 554 4555 et
573 4503 693 4556 socrus
711 4483 831 4578 prelati
849 4483 1000 4556 Heinrici
1023 4482 1139 4578 Agnes
1164 4483 1209 4555 de
1233 4483 1372 4554 Bilrieth
1397 4485 1485 4557 lacte
1507 4485 1634 4559 vendi-

228 4608 312 4682 tioni
328 4607 587 4702 contradiceret,
607 4617 680 4682 orta
698 4617 750 4681 est
764 4608 852 4680 inter
866 4609 959 4704 ipsos
979 4609 1170 4682 vendentes
1190 4617 1225 4682 et
1244 4615 1396 4682 ementes
1416 4609 1631 4709 disceptatio,

227 4755 269 4808 eo
285 4733 381 4830 quod
400 4735 509 4810 abbas
528 4735 633 4810 nollet
658 4733 818 4810 Heinrico
835 4734 989 4832 precium
1007 4737 1141 4810 solvere
1163 4735 1332 4832 quamdiu
1356 4758 1476 4811 socrus
1495 4750 1636 4815 contra-

324 4858 463 4924 ibana
1423 4873 1479 4928 too

1690 1683 1777 1727 Hallis.

1672 1741 1699 1784 28
1712 1739 1797 1793 aprilis.
