4466 5914
507 549 569 614 628
1013 549 1226 612 rntnsnlcl
1252 547 1427 611 srtcunbl
1738 549 1820 628 [nn.
1837 550 1923 612 lm

509 686 705 776 Bacebnrc‚
725 685 802 758 siva
822 684 869 759 de
889 686 1113 778 Witeubnrc,
1136 687 1213 760 sive
1232 686 1279 760 de
1295 685 1435 760 chrin
1456 684 1534 757 sive
1548 683 1654 757 eu'am
1674 685 1721 758 de
1742 697 1813 760 tota
1836 697 1925 761 terra

509 810 694 886 Buruwini
709 819 744 884 et
762 810 839 902 ejus
856 809 919 882 lilii
939 820 974 884 et
990 833 1053 907 per
1071 812 1213 884 eusdern
1229 822 1337 884 taras
1353 819 1390 884 et
1412 810 1450 882 in
1466 809 1552 906 ipsis
1570 811 1671 884 terris
1683 811 1830 905 quilibet
1842 813 1926 884 bur·

508 937 627 1032 gemis
641 935 844 1008 lubicensis
866 945 936 1008 turn
960 935 1060 1009 dives
1083 959 1190 1031 mam
1207 957 1343 1032 pauper
1357 935 1492 1030 absquo
1507 933 1756 1029 impedimento
1780 945 1873 1008 ernut
1890 947 1926 1010 et

508 1061 650 1136 vendut.
671 1062 831 1134 Pretcree
846 1060 989 1134 fimiter
1004 1061 1203 1134 inhibemus
1220 1083 1266 1134 ne
1286 1061 1403 1155 aliqua
1415 1081 1562 1154 pesona
1577 1081 1705 1154 magna
1719 1062 1779 1132 vol
1792 1083 1920 1156 parva,

507 1188 674 1262 secularis
688 1187 745 1260 vel
760 1186 1005 1279 ecclesiastica,
1026 1208 1172 1282 persone
1188 1187 1293 1258 alicui
1311 1185 1522 1258 conductum
1539 1184 1681 1279 prebeat
1694 1184 1731 1256 in
1748 1185 1923 1258 civitaten

507 1311 713 1410 predictam,
724 1312 810 1408 quin
823 1312 899 1408 ipsa
911 1311 1055 1386 cuilibet
1066 1311 1243 1408 impetenti
1259 1333 1336 1384 eum
1351 1311 1388 1382 in
1396 1311 1476 1404 jure
1489 1309 1615 1383 debeat
1626 1309 1922 1406 responderello-

506 1439 775 1534 lumusinsuper
789 1447 825 1510 ct
840 1437 993 1511 districte
1004 1437 1216 1533 precipimus
1226 1447 1267 1508 nt
1279 1435 1573 1532 quandocumque
1588 1443 1624 1507 et
1636 1434 1849 1530 ubicumque
1861 1455 1924 1530 per

507 1563 692 1659 imperium
703 1561 849 1658 predicti
864 1563 1055 1657 burgenses
1072 1563 1292 1657 naufragium
1303 1560 1349 1634 de
1364 1571 1477 1634 cetero
1490 1559 1585 1656 passi
1599 1559 1742 1651 luerint,
1754 1559 1924 1656 quicquid

507 1687 671 1762 derebus
684 1687 759 1760 suis
773 1697 890 1759 tnnca
908 1696 1003 1776 tanto
1014 1686 1168 1782 periculo
1181 1688 1315 1783 cripere
1328 1694 1489 1783 poterunt
1504 1686 1555 1758 eis
1565 1685 1704 1780 penitus
1716 1684 1921 1774 dimittatur,

506 1811 600 1886 omni
619 1810 865 1906 impedimento
880 1819 915 1884 et
931 1811 1202 1884 contradictione
1220 1811 1447 1884 cessantibus.
1468 1809 1699 1882 concedimus
1715 1809 1858 1906 insuper
1873 1810 1924 1882 eis

506 1935 655 2008 fundum
678 1943 778 2008 exuo
795 1935 1082 2008 Travcnemundo
1094 1937 1197 2028 juxta
1212 1945 1351 2031 portum
1373 1934 1436 2006 nbi
1461 1934 1600 2029 signnm
1623 1933 1781 2026 ejusdem
1805 1943 1925 2030 portus

506 2059 666 2148 habetur,
687 2058 810 2133 dantes
827 2058 880 2130 eis
894 2067 1095 2153 potestatem
1113 2067 1153 2130 nt
1168 2057 1278 2131 londo
1298 2057 1375 2154 ipso
1388 2057 1498 2130 libere
1519 2065 1662 2129 utantur
1680 2055 1728 2128 ad
1744 2056 1923 2130 utilitatem

507 2191 543 2256 et
557 2185 748 2279 proiectum
764 2181 920 2279 predicte
933 2182 1082 2256 civitatis
1094 2183 1308 2256 Lubicensis.
1320 2185 1373 2254 De
1382 2181 1650 2255 habundantiori
1663 2202 1804 2277 qnoque
1816 2184 1925 2276 gratia

507 2317 625 2382 nostra
639 2307 864 2381 concedimus
878 2316 914 2380 et
929 2306 1174 2381 confirmamus
1189 2308 1241 2380 eis
1254 2308 1292 2379 in
1307 2318 1513 2404 perpetuum
1531 2329 1652 2380 eornm
1661 2309 1742 2402 jura
1759 2315 1795 2380 et
1805 2328 1925 2380 omnes

507 2433 618 2506 bonos
643 2453 728 2505 usus
751 2441 788 2504 et
812 2433 922 2505 bonas
940 2432 1209 2506 consuetudines
1233 2433 1364 2527 quibus
1388 2441 1542 2530 tempore
1562 2432 1779 2530 imperatoris
1800 2432 1925 2506 Frida-

506 2557 571 2632 rici
594 2559 653 2632 avi
680 2557 807 2650 nostri,
833 2557 945 2632 felicis
968 2558 1153 2646 memorie,
1175 2581 1288 2654 usque
1305 2581 1400 2632 nnnc
1415 2557 1471 2631 osi
1490 2558 1598 2631 luisse
1618 2568 1826 2649 noscuntur;
1846 2567 1925 2630 sta-

507 2691 643 2758 tuentes
669 2690 705 2756 ct
727 2683 897 2779 presentis
926 2682 1097 2778 privilegii
1125 2683 1327 2758 anctoritate
1355 2683 1499 2756 firmiter
1523 2683 1744 2776 injungentes
1767 2690 1809 2754 ut
1829 2681 1924 2753 nullu

506 2807 648 2880 ornnino
670 2827 817 2902 persona
837 2829 947 2903 parva
970 2809 1029 2881 vel
1047 2830 1193 2903 magna,
1214 2807 1445 2882 ecclesiastica
1464 2807 1522 2879 vel
1536 2806 1718 2896 secularis,
1741 2805 1924 2900 jamdictos

505 2931 697 3026 burgenses
722 2931 948 3026 lubicenses,
982 2929 1105 3006 fideles
1130 2940 1281 3019 nostros,
1309 2931 1354 3004 de
1381 2930 1624 3028 suprascriptis
1646 2929 1810 3002 omnibns
1832 2951 1920 3002 ausu

507 3057 686 3132 temerario
712 3055 883 3153 impedire
907 3078 971 3130 sen
997 3057 1200 3152 perturbare
1229 3065 1417 3152 presumat.
1442 3055 1544 3142 Quod
1568 3054 1631 3150 qui
1656 3053 1919 3151 presumpserit,

507 3181 544 3252 in
562 3202 625 3254 sue
644 3180 844 3254 temeritatis
866 3179 1057 3254 vindictam
1082 3179 1355 3274 indignationem
1374 3187 1524 3254 nostram
1541 3189 1576 3252 et
1592 3199 1718 3274 penam
1744 3177 1922 3272 quingen-

505 3313 620 3379 tarum
645 3303 812 3376 librarum
838 3304 913 3377 anri
944 3303 1024 3400 puri
1046 3326 1085 3377 εε
1111 3305 1246 3377 noverit
1275 3304 1515 3397 incursurum,
1542 3303 1760 3378 medietatem
1786 3322 1922 3374 camere

505 3437 621 3502 nostre
637 3434 673 3500 et
689 3425 792 3500 aliam
820 3425 1042 3501 medietatem
1059 3427 1170 3524 passis
1187 3427 1350 3520 injurium
1366 3427 1644 3524 persolvendam.
1661 3425 1707 3498 Ut
1721 3435 1835 3498 antem
1855 3424 1922 3498 bec

506 3553 622 3626 omnia
650 3559 725 3624 rata
751 3571 887 3647 semper
910 3562 945 3626 et
966 3552 1097 3626 illibata
1122 3561 1363 3648 permaneant,
1384 3573 1528 3648 presens
1551 3551 1773 3647 privilegium
1794 3547 1868 3622 fieri
1887 3557 1922 3622 et

505 3677 602 3752 bulla
619 3697 724 3750 aurea
738 3676 874 3772 typario
895 3686 1011 3750 nostro
1028 3677 1217 3770 majestatis
1239 3678 1406 3775 impressa
1415 3677 1584 3770 jussimus
1602 3673 1821 3749 communiri.

555 3803 667 3893 lluJus
688 3810 804 3874 autem
831 3801 882 3876 rei
910 3811 1015 3876 testes
1039 3813 1122 3875 sunt
1135 3801 1297 3876 Albertus
1312 3801 1640 3896 Magdebnrgensis,
1668 3855 1677 3872 .
1707 3853 1718 3871 .
1746 3853 1757 3872 .
1784 3797 1922 3872 lledio-

504 3927 657 4002 lanensis
672 3935 707 4000 et
719 3925 838 4002 Lando
853 3927 1006 4022 Reginus
1025 3926 1292 4023 archiepiscopi3
1323 3931 1334 3998 .
1363 3981 1373 4000 .
1404 3982 1414 3999 .
1442 3925 1603 4000 Curensis
1620 3935 1657 3998 et
1678 3923 1787 3997 abbas
1805 3921 1921 3996 Sancti

505 4051 611 4141 Galli,
651 4107 661 4126 .
705 4105 715 4124 .
757 4107 765 4124 .
801 4051 971 4142 Cicensis,
1002 4105 1011 4126 .
1047 4105 1056 4124 .
1096 4105 1106 4122 .
1138 4052 1356 4142 Basiliensis,
1385 4105 1395 4124 .
1427 4105 1436 4123 .
1468 4105 1477 4122 .
1504 4049 1787 4138 warmaciensis,
1821 4101 1831 4120 .
1867 4099 1876 4118 .
1906 4101 1916 4120 .

506 4175 813 4272 Hyldcsemensis‚
847 4178 997 4252 Iambus
1028 4176 1276 4266 laurinensis,
1316 4175 1565 4272 Maynardinus
1593 4171 1788 4248 Ymolcnsis
1815 4181 1851 4245 ot
1872 4173 1917 4245 A.

507 4300 697 4374 Brixiensis
713 4300 889 4396 episcopi,
919 4353 930 4372 .
961 4354 971 4374 .
1002 4353 1011 4372 .
1039 4299 1149 4374 abbas
1165 4298 1417 4392 llorbaoonsis,
1447 4353 1457 4372 .
1487 4355 1497 4374 .
1528 4353 1538 4372 .
1565 4299 1673 4373 abbas
1687 4295 1917 4391 Augenensis,

506 4427 548 4498 H.
578 4424 742 4518 magister
763 4425 888 4498 domus
905 4427 1029 4500 Sancte
1047 4423 1154 4498 Maris
1172 4422 1458 4496 Thectcnicorum
1482 4425 1519 4496 in
1545 4423 1749 4509 Jerusalem,
1768 4421 1807 4492 L.
1824 4421 1920 4492 lant-

507 4547 650 4644 gravius
672 4548 878 4644 Thnringie,
893 4547 1054 4624 Albertus
1069 4548 1144 4622 dux
1161 4547 1332 4641 Saxonis,
1346 4549 1546 4646 Raynaldus
1556 4547 1633 4624 dux
1646 4545 1791 4644 Spoleti,
1804 4565 1921 4619 comcs

509 4671 669 4771 Spiridns
685 4671 731 4746 de
746 4674 880 4748 Vienna
898 4684 933 4748 et
950 4676 1009 4748 clii
1024 4675 1259 4771 quamplures.
