4326 5910
192 669 289 728 isurun
309 661 368 748 13.]
643 661 843 725 HISTORIA
867 662 1161 725 blabottltl'lca
1552 659 1613 724 815

192 802 431 898 lingentinus,
451 799 677 890 Trevirensis,
697 799 909 874 Coloniensis
931 787 1198 897 mcbiepisoopi3
1224 806 1259 872 et
1276 797 1306 870 si
1324 817 1445 872 omnes
1469 797 1518 870 bii
1542 805 1611 870 tras

194 927 263 1002 biis
279 922 500 1020 exequendis
516 923 681 998 interesse
695 945 766 997 non
790 933 968 1020 poterunt,
989 923 1200 998 coloniensis
1217 933 1393 1018 assumpto
1413 922 1480 996 sibi
1503 923 1611 998 nitere

194 1050 429 1148 predictorum
451 1047 789 1144 archiepiscoporum
807 1069 888 1122 eum
911 1048 1119 1145 supradictis
1145 1047 1283 1124 arbitris
1304 1047 1341 1124 in
1363 1046 1503 1122 arbitrio
1526 1068 1611 1142 pro·-

194 1177 307 1252 cedet.
333 1174 523 1278 Sciendum
552 1183 710 1270 praterea
734 1183 787 1248 est
812 1173 909 1270 quod
933 1173 965 1247 si
987 1195 1134 1270 persone
1155 1173 1273 1268 eliqua
1295 1173 1342 1248 de
1364 1171 1611 1269 prenominatis

195 1319 265 1376 non
283 1301 392 1397 possit
409 1299 552 1387 baberi,
572 1299 640 1374 alia
666 1321 814 1394 persona
836 1297 963 1374 idonea
991 1300 1068 1376 loco
1094 1299 1247 1374 absentis
1270 1297 1479 1374 imitantur.
1500 1298 1611 1371 locus

196 1447 280 1502 vem
294 1424 427 1500 arbitrii
441 1423 538 1520 apud
550 1424 729 1499 Fraukiort
740 1433 795 1498 est
810 1422 1025 1518 designatus,
1045 1424 1211 1498 terminus
1223 1443 1308 1500 vero
1324 1423 1361 1496 iu
1381 1433 1503 1498 octava
1520 1422 1611 1520 lipi-

196 1551 324 1648 pbnnis
343 1551 454 1647 primo
467 1559 634 1626 eventura
651 1547 748 1644 apud
764 1550 898 1624 Ulmam
919 1547 1120 1645 preiigetnr.

245 1679 373 1752 Datum
389 1675 487 1774 apud
498 1675 712 1770 Hagenowe,
728 1674 758 1748 ii
771 1695 881 1750 nonas
896 1674 1102 1768 decembris,
1122 1673 1310 1750 indictione
1321 1673 1412 1748 xiil.

855 1993 884 2000 -
904 1989 1375 2002 nne--n--a-flnn—nn--n--n-—d

251 2268 457 2376 Heminae,
478 2269 741 2355 Romanorum
758 2295 845 2378 rex,
861 2280 996 2354 notum
1016 2269 1107 2354 iacit
1125 2269 1313 2354 universis
1331 2273 1436 2382 quod
1462 2274 1615 2382 capitu·
1683 2295 1785 2384 ¹⁸⁰3ss

198 2404 282 2488 lum
302 2414 340 2488 ct
357 2404 657 2516 archipresbyter
673 2404 894 2492 Werdensia
911 2403 1110 2511 ecelesiae,
1130 2405 1180 2488 nd
1198 2405 1417 2515 petitionem
1440 2432 1550 2492 suam
1577 2419 1616 2492 et

199 2537 437 2625 Coloniensis
464 2539 755 2650 archiepiscopi,
775 2538 961 2649 capeliam
988 2538 1029 2620 in
1056 2539 1155 2624 Rath
1180 2539 1221 2621 in
1248 2542 1430 2650 parocbia
1452 2542 1615 2628 Werdae

198 2673 314 2758 sitam
332 2675 545 2760 consecrari
568 2675 823 2786 permiserunt
849 2673 922 2757 sub
939 2672 1051 2757 certis
1078 2673 1310 2785 quibusdam
1334 2677 1616 2762 conditionibus

198 2807 343 2893 ibidem
361 2809 562 2918 expressis.

281 3023 386 3104 (Edid.
402 3027 594 3108 Laconem,
618 3024 803 3090 Uriuadeab.
819 3025 879 3108 sair
900 3025 945 3088 dic
962 3024 1052 3110 parcit.
1073 3025 1123 3088 des
1138 3026 1302 3106 Nicdmb,
1318 3046 1373 3090 aar.
1390 3030 1489 3104 Band,
1509 3048 1539 3110 p.
1562 3039 1615 3102 ut,

321 3143 355 3193 n·
371 3143 483 3196 tlt.-
491 3137 581 3198 Extat
594 3153 712 3216 quoque
725 3153 774 3214 ap.
789 3135 1017 3214 iiedingbovens
1031 3135 1118 3198 MSS.
1136 3137 1169 3198 in
1181 3136 1343 3212 biinncben,
1360 3137 1488 3214 LXXII,
1506 3145 1616 3202 185.—

321 3241 455 3304 lixtraet.
472 3244 560 3303 eiiam
575 3259 623 3320 ap.
640 3241 761 3318 erma,
776 3237 1011 3324 DeEnpeiberto,
1026 3259 1057 3321 p.
1076 3247 1159 3320 107.)

251 3440 421 3514 lienricus
447 3442 615 3538 septimus
644 3443 706 3516 Dei
734 3443 844 3538 gratia
867 3443 1098 3516 Romanorum
1124 3463 1189 3516 rex
1213 3451 1248 3515 et
1269 3463 1406 3537 semper
1432 3453 1615 3535 angustus.

202 3567 287 3640 Cum
306 3567 537 3642 Romanorum
559 3589 681 3663 regum
704 3568 864 3664 dignitati
888 3567 1111 3664 precellenter
1125 3567 1309 3642 marcuini
1323 3567 1512 3662 unicuique
1531 3569 1619 3642 sub-

203 3690 355 3765 ditorum
388 3715 529 3766 suorum
552 3694 612 3786 jus
642 3715 744 3765 suum
772 3694 907 3768 illesum
929 3715 1156 3786 conservare,
1183 3693 1323 3789 speciali
1349 3701 1463 3766 minen
1492 3693 1616 3767 affectu

202 3814 336 3891 moveri
355 3816 458 3892 debet
474 3819 564 3891 circa
581 3819 742 3892 ecclesias
758 3829 793 3892 et
808 3841 971 3914 personae
984 3819 1244 3908 ecclesiasticas,
1263 3828 1302 3890 ut
1317 3839 1386 3912 que
1405 3819 1619 3912 frequentius

204 3943 333 4017 divinis
362 3945 554 4017 inserviunt
577 3945 742 4018 laudibus
767 3945 812 4018 ab
830 3945 978 4017 incursu
1005 3967 1120 4018 rerum
1145 3945 1352 4018 secularium
1380 3965 1450 4015 non
1478 3945 1619 4039 inquie-

205 4079 332 4142 tentur.
353 4069 635 4144 consideratione
660 4070 766 4165 igitur
794 4091 835 4142 ea
860 4070 964 4156 moti,
985 4070 1032 4143 ad
1051 4069 1293 4142 declinandam
1318 4071 1485 4166 presentis
1508 4071 1616 4143 seculi

206 4195 459 4290 calumpniam,
476 4205 596 4268 notum
625 4197 770 4270 iacimus
788 4205 858 4270 tam
877 4196 1095 4292 presentibus
1117 4216 1223 4289 quam
1253 4194 1377 4268 suturis
1399 4195 1496 4290 quod
1522 4196 1617 4290 capi·

206 4321 317 4394 tulum
345 4333 380 4394 et
403 4321 679 4419 archipresbyter
703 4322 902 4397 Werdensis
929 4320 1093 4412 ecclesie,
1114 4318 1377 4415 adpetitionem
1406 4330 1557 4394 nostram
1584 4331 1620 4394 et

208 4443 339 4518 domini
356 4446 566 4519 Coloniensis
583 4445 833 4542 archiepiscopi
851 4444 1067 4538 Eugeiberti,
1085 4443 1252 4539 capellam
1266 4443 1302 4513 in
1321 4443 1417 4516 Rode
1432 4441 1558 4538 (Rath)
1583 4445 1619 4517 in

208 4569 370 4664 parocbia
387 4569 515 4644 Werde
529 4571 628 4643 sitam
642 4569 833 4644 consecrari
854 4550 1104 4666 permiserunt:
1123 4569 1182 4641 tali
1199 4567 1420 4641 distinctione
1433 4577 1466 4641 ei
1485 4570 1619 4644 cautela

208 4697 436 4791 preordinatis
457 4697 553 4794 quod
573 4699 727 4794 predicta
747 4698 879 4793 capelia
904 4717 969 4769 nec
991 4697 1199 4792 baptismum
1224 4717 1288 4768 nec
1315 4695 1527 4790 sepulturam
1552 4696 1616 4768 ha-

207 4821 315 4894 bebit.
335 4822 539 4920 Capelianus
560 4825 690 4900 ibidem
712 4823 889 4898 ditissimo
907 4823 1133 4896 famulaturus
1149 4821 1194 4896 ab
1214 4820 1416 4896 bominibus
1433 4819 1525 4896 dicte
1542 4823 1623 4896 viiie
