4326 5910
185 578 286 640 buter.
304 574 370 653 ts]
641 567 841 632 HISTORIA
864 563 1159 628 blrtotlrtvtcs

415 883 537 898 —

239 1201 445 1304 ilenrious,
478 1199 740 1283 llomuuorum
772 1221 858 1300 rex,
893 1193 1054 1279 sculteto
1089 1202 1128 1278 et
1161 1191 1349 1276 universis
1380 1191 1525 1277 civibus
1556 1193 1606 1278 de
1648 1209 1774 1318 ὥρῃ

184 1334 309 1418 Bemo
326 1331 585 1444 praepositum
602 1339 641 1414 et
657 1338 885 1414 conventum
903 1327 1083 1412 eeclesiae
1108 1325 1371 1410 luterlucsnsis
1397 1351 1603 1410 commen-

185 1469 253 1552 dat
270 1466 529 1550 defendendos
546 1473 679 1548 eontra
696 1463 893 1548 violentias
911 1461 1055 1546 eisdem
1068 1487 1092 1546 s
1103 1459 1275 1546 Waltero
1291 1459 1340 1544 de
1353 1459 1603 1546 Esebenbanb

185 1599 326 1684 illatus.

1642 1320 1670 1364 sa
1681 1290 1793 1364 romi

267 1841 366 1923 (Edit
387 1843 420 1902 tu
440 1837 607 1904 soonam
629 1835 834 1912 Woctmttarr,
850 1853 918 1902 mn
937 1847 1026 1914 rsrr,
1048 1847 1082 1900 u·
1102 1847 1149 1913 rr,
1167 1855 1198 1916 p.
1223 1835 1601 1915 1⁵⁴,stap.srrrrm,

307 1947 418 2030 neqat.
431 1943 674 2010 derllldaterda
687 1943 811 2008 hutone
823 1945 920 2024 nes,
934 1944 1600 2026 muamvssohwsuar.,t1,prrrr,p.at.)

234 2164 279 2236 Η.
294 2163 356 2236 Dei
368 2164 479 2258 gratia
490 2165 722 2238 Romanorum
734 2183 799 2236 rex
808 2171 844 2237 et
853 2181 991 2258 semper
1001 2170 1185 2256 augustus,
1199 2159 1361 2236 fidelibus
1374 2161 1448 2234 suis
1458 2161 1601 2234 sculteto

186 2287 406 2360 stunivsrsis
417 2285 555 2362 civibus
569 2285 615 2360 de
627 2287 738 2358 nemo
749 2285 894 2381 gratiam
905 2293 1049 2358 suamet
1061 2283 1318 2358 omnebonum.
1332 2282 1601 2358 Aooedeutesad

185 2411 393 2507 presentium
406 2417 557 2484 nostram
567 2409 665 2506 apud
673 2411 875 2504 Hagenowe
886 2408 1003 2483 dilecti
1015 2407 1137 2484 fideles
1148 2409 1256 2483 nostri
1269 2408 1463 2506 prepositus
1475 2418 1510 2483 et
1520 2431 1602 2484 eon·

186 2545 313 2609 ventus
334 2535 477 2610 eeclesie
501 2535 736 2610 luterlaoensis
760 2543 997 2632 exposuemnt
1014 2534 1115 2608 uobis
1138 2543 1173 2608 et
1196 2534 1376 2628 conquesti
1399 2544 1482 2608 sunt
1505 2535 1602 2630 quod

186 2660 357 2734 Wolterus
370 2658 415 2733 de
425 2659 650 2734 Esobenbacb
658 2669 777 2734 contra
787 2659 981 2732 libertatem
990 2658 1167 2732 etindulta
1176 2658 1436 2756 privilegiorum
1446 2660 1600 2756 ipsorum

186 2784 338 2858 inbonis
354 2785 428 2858 suis
447 2805 507 2858 eos
522 2793 689 2880 aggravet
706 2793 741 2857 et
756 2783 924 2876 molestet,
942 2803 1013 2856 nou
1032 2781 1254 2857 defendendo
1269 2792 1304 2856 et
1324 2805 1346 2857 a
1364 2783 1466 2858 bonis
1482 2804 1601 2858 sorum

186 2910 386 2989 exactiones
402 2909 575 2984 indebitas
586 2908 840 3006 extorquendo.
856 2906 942 2982 Cum
954 2907 1061 3000 igitur
1072 2908 1182 3002 gratia
1192 2907 1269 3000 Dei,
1287 2907 1349 3004 qni
1363 2908 1472 3004 gloria
1485 2931 1549 2982 nos
1568 2921 1602 2984 st

186 3034 320 3112 divitiis
332 3035 512 3128 exaltavit,
529 3033 663 3108 rationo
679 3041 880 3130 patronatus
896 3033 1087 3106 commodis
1100 3041 1135 3107 et
1150 3032 1357 3108 utilitatibus
1369 3031 1526 3128 ejusdem
1539 3055 1602 3108 oc·

186 3158 482 3256 olesisprovidere
496 3158 697 3252 debeamus,
710 3159 919 3234 oonlratrum
932 3157 1062 3231 ibidem
1071 3157 1143 3232 Deo
1154 3157 1375 3232 militantium
1384 3158 1603 3234 iuoommoda

187 3297 221 3360 st
237 3286 385 3361 adversa
400 3295 516 3360 nostra
533 3295 750 3382 reputantes,
769 3306 960 3382 eorumque
973 3285 1235 3382 gravaminibus
1254 3295 1289 3358 et
1304 3285 1440 3380 injuriis
1454 3287 1604 3362 condes-

187 3411 336 3486 ooudere
357 3411 535 3508 cupientes
553 3410 748 3486 secundum
770 3411 939 3484 rationem
960 3419 995 3484 et
1016 3409 1153 3486 indulta
1170 3409 1346 3508 privilegii
1369 3432 1484 3484 coram
1501 3412 1603 3486 nobis

186 3534 306 3632 sepius
321 3534 471 3632 repetiti,
491 3534 653 3630 sepelutis
669 3533 832 3608 tratribus
847 3545 882 3610 et
896 3535 1046 3608 claustro
1060 3556 1124 3610 ros
1137 3535 1378 3610 constituimus
1390 3534 1601 3628 defensores,

185 3658 392 3734 mandantes
417 3660 635 3734 universitati
662 3669 777 3736 vestre
802 3669 838 3734 et
862 3669 1023 3756 rogantes
1044 3668 1079 3734 et
1102 3661 1170 3734 sub
1194 3660 1471 3736 interminatione
1495 3663 1604 3756 gratie

185 3793 302 3858 nostre
329 3784 484 3860 districte
507 3785 736 3882 pmeipienles
755 3793 928 3880 quatenus
952 3795 1236 3882 prememoratam
1260 3787 1440 3860 eeclesiam
1458 3788 1602 3862 luterla·

186 3929 326 3982 oensem
344 3931 425 3984 oum
445 3909 620 3985 universis
640 3909 919 4008 possessionibus
935 3914 1009 3986 suis
1032 3911 1221 3985 mobilibus
1243 3921 1277 3986 et
1298 3911 1551 4006 immobilibus,
1570 3925 1606 3987 et

185 4035 391 4108 nominatim
416 4035 596 4110 ecclesiam
619 4032 759 4130 ejusde
786 4033 901 4128 Steige
919 4032 992 4132 (l),
1020 4035 1088 4108 sub
1112 4043 1228 4110 nostra
1252 4043 1287 4109 et
1313 4035 1449 4133 imperii
1469 4057 1605 4110 reeom-

186 4157 387 4234 meudatam
403 4159 561 4236 babeatis
575 4159 800 4258 protectione,
817 4181 887 4236 uon
899 4159 1113 4257 permissuri,
1130 4161 1221 4234 siout
1239 4160 1285 4234 de
1299 4171 1415 4236 nostra
1430 4160 1604 4236 oonfiditis

188 4287 378 4380 majestate,
390 4285 488 4382 quod
500 4287 762 4383 prenominatus
773 4286 970 4362 Waltberus
986 4289 1043 4362 vel
1057 4287 1149 4360 alius
1161 4287 1348 4383 quisquam
1365 4287 1403 4360 iu
1419 4287 1519 4360 bonis
1530 4287 1605 4360 suis

189 4405 403 4483 damnumst
420 4411 477 4484 vel
491 4409 780 4508 impedimentum
796 4411 938 4508 aliquod
955 4411 1085 4488 audeat
1101 4409 1378 4508 irrogare.Quod
1392 4410 1454 4506 qui
1471 4409 1602 4502 fecerit,

227 4713 264 4788 to
282 4715 390 4776 snut
402 4679 531 4778 intimo
543 4717 651 4778 namne
661 4719 763 4794 astes.
