4326 5910
563 593 624 658 tlt
1085 597 1257 660 ununtct
1282 597 1449 661 snrrtltt
1782 599 1863 680 [An.
1881 601 1969 666 1223.

564 731 630 805 hac
654 730 816 804 videlicet
844 729 987 804 rationis
1012 733 1203 807 constantia
1227 734 1384 806 utnulla
1409 733 1574 831 deinceps
1597 753 1744 831 persona
1766 757 1893 830 magne
1915 737 1970 812 vel

564 877 671 954 parve
689 857 876 952 potestatis,
894 860 1145 954 cujuscumque
1159 859 1204 932 sit
1218 860 1350 934 ordinis
1368 859 1425 934 vel
1436 860 1560 953 officii,
1580 869 1757 958 presumat
1770 861 1971 954 Jamdictam

566 983 745 1056 ecclesiam
765 991 860 1056 tuam
877 985 936 1058 vel
953 1005 1008 1058 res
1021 984 1067 1059 ad
1086 985 1197 1081 ipsam
1218 987 1427 1082 pertinentes
1440 986 1545 1060 ullius
1560 985 1799 1084 impedimenti
1814 987 1871 1060 vel
1891 987 1972 1060 artis

565 1108 721 1181 molestia
739 1108 944 1203 inquietare,
961 1130 1031 1183 non
1047 1109 1213 1182 tributum
1230 1113 1286 1186 vel
1300 1111 1451 1207 aliquam
1469 1112 1677 1185 functionem
1694 1131 1756 1183 seu
1773 1110 1972 1205 pensionem

567 1233 742 1328 publicam
768 1233 922 1328 exigere,
946 1255 1015 1308 uon
1040 1235 1219 1308 servitium
1246 1238 1363 1332 regale
1389 1246 1449 1311 sut
1467 1235 1598 1310 servitii
1621 1235 1893 1332 redemptionem
1918 1238 1973 1310 vel

567 1357 715 1453 hospitia
738 1379 800 1430 seu
828 1357 974 1454 prandia
998 1359 1133 1451 tollere,
1158 1359 1220 1434 sed
1244 1382 1305 1458 per
1320 1361 1438 1435 omnia
1461 1369 1497 1434 et
1520 1360 1556 1432 in
1580 1361 1743 1433 omnibus
1763 1381 1810 1434 ex
1831 1361 1973 1456 antiqua

567 1503 690 1577 regum
708 1492 743 1555 et
760 1491 874 1556 nostra
891 1484 1111 1557 concessione
1127 1494 1293 1581 perpetua
1309 1493 1426 1559 utetur
1445 1484 1611 1557 libertate.
1631 1485 1818 1556 statuimus
1834 1505 1975 1580 qnoque

569 1616 608 1680 ut
619 1607 722 1700 juxta
739 1605 1021 1702 predecessorum
1039 1617 1234 1682 nostrorum
1253 1607 1368 1683 edicta
1382 1607 1517 1681 nullum
1535 1605 1627 1680 idem
1644 1607 1742 1680 locus
1760 1607 1888 1680 babeat
1908 1607 1975 1682 ad-

570 1739 749 1818 vocatum,
770 1731 838 1802 nisi
852 1753 957 1826 quem
972 1730 1081 1804 abbas
1096 1731 1158 1826 qui
1178 1753 1241 1827 pro
1261 1741 1415 1828 tempore
1434 1731 1536 1804 luerit
1552 1729 1714 1804 concordi
1733 1731 1877 1804 lratmm
1894 1753 1975 1806 eon·

570 1855 648 1928 silio
678 1855 825 1927 electum
851 1855 918 1928 sibi
944 1855 1191 1951 preficiendum
1213 1855 1436 1950 judicaverit.
1461 1855 1523 1928 Cui
1549 1854 1719 1928 advocato
1744 1855 1875 1928 tamin
1901 1856 1976 1953 ipso

568 1981 640 2074 jam
652 1999 734 2075 sepe
750 1978 842 2052 dicto
857 1981 932 2052 loco
942 2001 1047 2074 quam
1061 1979 1098 2051 in
1115 1980 1191 2053 aliis
1206 1979 1335 2054 ibidem
1352 1979 1603 2077 pertinentibus
1616 1999 1686 2052 non
1700 1977 1816 2052 licebit
1827 1978 1977 2076 hospitia

570 2125 720 2195 sumere,
741 2123 810 2176 noo
827 2101 1021 2200 palefredos
1037 2104 1167 2198 tollere,
1184 2125 1252 2178 non
1275 2125 1378 2178 canes
1398 2105 1507 2196 alere,
1523 2124 1593 2178 non
1611 2123 1673 2200 pro
1691 2101 1856 2176 adeunda
1881 2103 1977 2190 curia

571 2228 628 2302 vel
653 2226 875 2324 expeditione
896 2237 1012 2303 nostra
1034 2228 1270 2324 quodcunque
1295 2228 1526 2326 supplementi
1550 2229 1608 2302 vel
1632 2227 1807 2325 pensionis
1831 2251 1973 2324 capere,

570 2371 642 2426 uon
668 2351 788 2441 freda,
812 2372 882 2424 non
908 2352 1131 2427 redibitiones
1158 2353 1319 2448 exigere,
1343 2354 1407 2428 sed
1437 2354 1473 2426 in
1503 2352 1584 2452 (ab)
1604 2353 1697 2426 omni
1721 2353 1977 2448 importunitate

570 2477 699 2569 locum,
720 2497 899 2574 personas,
919 2477 1064 2570 fundos,
1084 2479 1188 2552 totius
1207 2479 1418 2574 negligentie
1435 2477 1625 2574 postposita
1646 2478 1806 2570 materia,
1826 2477 1976 2552 studebit

571 2600 760 2676 defensare.
784 2603 914 2676 Habeat
930 2602 1033 2676 etiem
1051 2603 1159 2678 abbas
1177 2603 1213 2675 in
1236 2625 1340 2676 omne
1362 2613 1497 2698 tempus
1513 2603 1657 2676 liberam
1678 2609 1882 2698 potestatem
1901 2612 1976 2676 sta-

571 2726 713 2820 tuendi,
737 2725 890 2800 habendi
912 2735 1100 2800 mercatum
1123 2736 1159 2801 et
1188 2727 1362 2802 nundinas
1384 2727 1560 2824 publicas,
1580 2747 1820 2822 percussuram
1843 2735 1977 2800 monete

571 2851 755 2946 lormandi,
776 2851 964 2926 thelonium
989 2851 1183 2950 accipiendi
1201 2851 1321 2948 ibique
1344 2850 1560 2927 diversarum
1577 2850 1760 2946 regionum
1775 2851 1977 2924 commercia

570 2975 747 3051 vendendi
765 2985 800 3050 et
816 2977 968 3051 emendi.
990 2977 1041 3050 Ea
1064 2985 1203 3074 propter
1227 2975 1324 3068 regia
1349 2984 1385 3050 et
1402 2975 1570 3074 imperiali
1591 2977 1741 3072 potentia
1761 2974 1978 3049 decrevimus

571 3111 611 3176 ut
624 3123 744 3175 omnes
759 3102 988 3195 negotiatores
1005 3113 1040 3176 et
1055 3101 1227 3176 institores
1240 3100 1413 3198 ceterique
1428 3099 1609 3175 hominnm
1620 3098 1667 3174 ud
1681 3098 1775 3173 idem
1791 3108 1978 3173 mercatum

571 3225 751 3300 venientes
768 3225 826 3298 vel
850 3225 899 3298 ibi
924 3234 1101 3300 manentes
1121 3245 1184 3300 seu
1207 3225 1290 3301 inde
1314 3233 1524 3300 revertentes
1541 3225 1644 3298 talem
1669 3245 1790 3320 paoem
1809 3225 1980 3319 talemque

569 3350 739 3446 justitiam
760 3350 867 3424 banni
893 3350 1000 3424 nostri
1027 3349 1285 3448 interpositione
1309 3349 1505 3442 obtineant,
1526 3349 1664 3445 qualem
1692 3347 1742 3422 ibi
1767 3347 1896 3422 babent
1919 3349 1980 3444 qui

573 3475 763 3570 Mogontia,
784 3473 922 3548 Colonie
939 3483 974 3546 et
990 3471 1213 3548 Trudimonie
1226 3474 1404 3566 negotium
1417 3482 1598 3563 enecent,
1615 3473 1788 3568 talemque
1804 3474 1979 3570 composi-

454 3607 460 3616 “
573 3601 702 3674 tionem
726 3599 842 3694 legum
865 3598 1049 3674 violatores
1075 3599 1182 3694 hujus
1209 3600 1362 3697 precepti
1388 3600 1596 3698 persolvunt.
1622 3599 1848 3696 Quocumque
1867 3607 1980 3674 autem

575 3725 705 3800 utilitas
722 3733 792 3798 tam
816 3723 853 3796 in
875 3723 975 3798 bouis
996 3745 1102 3820 quem
1122 3725 1159 3798 in
1180 3733 1337 3816 moneta,
1362 3724 1534 3818 theloneo,
1558 3724 1783 3818 stationibus,
1802 3723 1981 3820 ypotbeois

575 3869 768 3924 accrescere
789 3849 954 3946 potnerit,
974 3859 1161 3924 memorato
1182 3851 1326 3925 cenobio
1350 3850 1493 3946 suisque
1515 3849 1704 3926 rectoribus
1720 3850 1756 3922 in
1779 3859 1982 3946 perpetuum

576 3973 744 4048 tradimus
760 3981 795 4047 et
811 3972 1070 4068 confirmamus,
1086 3977 1158 4050 Deo
1181 3974 1311 4050 ibidem
1334 3975 1554 4048 militantium
1578 3975 1700 4048 usibm
1722 3975 1912 4072 protutura.
1927 3975 1984 4048 Li·

577 4099 767 4174 centiumns
792 4097 897 4206 etiam
920 4099 1028 4193 regali
1050 4107 1166 4174 nosue
1184 4099 1391 4173 authoritate
1411 4107 1452 4172 ut
1479 4097 1509 4172 si
1533 4098 1614 4196 quis
1638 4097 1914 4172 ministerialium
1929 4121 1983 4172 re-

576 4223 664 4322 galis
681 4223 760 4298 aule
776 4221 931 4320 predicto
948 4223 1153 4298 monasterio
1170 4223 1216 4298 de
1232 4223 1363 4320 prediis
1378 4223 1452 4296 sois
1468 4243 1690 4320 quocumque
1708 4221 1813 4298 modo
1830 4225 1984 4298 conterre

577 4327 737 4437 voluerit,
755 4346 882 4422 babeat
898 4347 1100 4422 libertatem.
1113 4349 1158 4422 Et
1169 4357 1209 4422 nt
1222 4347 1287 4422 hec
1306 4348 1447 4424 donatio
1466 4355 1539 4422 rata
1562 4359 1598 4421 et
1619 4347 1821 4424 inconvulsa
1842 4371 1983 4446 perma-

579 4481 674 4562 neat,
696 4483 889 4568 presentem
912 4473 1073 4570 paginam
1100 4473 1204 4568 sigilli
1232 4474 1338 4548 nostri
1366 4471 1591 4571 impressione
1618 4473 1776 4568 insigniri
1795 4473 1980 4567 jussimus,

579 4619 754 4694 manuque
786 4598 924 4695 propria
962 4599 1219 4674 corroborantes
1245 4597 1389 4674 idoneos
1418 4607 1521 4674 testes
1559 4597 1788 4674 subternotari
1818 4601 1979 4690 lecimus,

579 4743 726 4818 quorum
740 4723 878 4797 nomina
895 4733 978 4797 sunt
992 4724 1082 4799 hec:
