4466 5914
1056 545 1269 608 Fllllllllllcl
1294 547 1468 611 sucuro}
1783 555 1862 640 [risa.
1882 559 1963 623 mli.

356 1170 525 1269 rruggffiam
609 1143 837 1252 Fridericus,
852 1143 1112 1228 Romanorum
1130 1143 1350 1254 imperator,
1366 1145 1416 1228 ad
1429 1169 1558 1254 preces
1572 1146 1739 1257 episcopi
1752 1149 1966 1236 Portuensis

386 1277 496 1389 ”ffiffr
556 1285 594 1362 et
616 1278 777 1362 Sanctae
803 1275 981 1380 Rufinae,
1003 1276 1242 1386 Apostolicae
1268 1275 1376 1360 Sedis
1398 1277 1534 1388 legati,
1561 1278 1759 1390 AEgidium
1791 1282 1966 1368 abbatem

556 1419 594 1494 et
619 1423 849 1495 conventum
877 1409 1095 1494 monasterii
1127 1409 1332 1492 Fontisviri
1364 1410 1620 1495 Cistereiensis
1650 1413 1796 1497 ordinis
1825 1415 1867 1496 in
1900 1443 1967 1500 sua

556 1544 788 1653 protectione
806 1543 981 1654 suscipit,
1000 1543 1334 1654 possessionesque
1350 1543 1493 1629 ibidem
1515 1546 1731 1630 nominatas
1752 1547 1965 1634 confirmat.

638 1758 736 1844 (Edld.
748 1760 843 1836 Arra,
858 1759 960 1824 sunu
972 1757 1005 1820 di
1016 1759 1137 1836 rama,
1150 1765 1224 1822 tom.
1237 1761 1293 1833 ΙΙΙ,
1304 1778 1335 1838 p.
1353 1768 1423 1834 ³49,
1437 1762 1470 1822 ln
1482 1761 1611 1840 append.
1626 1771 1659 1824 η·
1672 1762 1707 1840 L,
1718 1780 1757 1825 cx
1771 1765 1885 1830 mehir.
1897 1783 1967 1830 ωο-

676 1873 755 1931 aaut.
770 1867 803 1930 S.
818 1865 984 1948 Paullsuor
995 1864 1067 1928 delle
1079 1863 1207 1926 mmdt
1218 1867 1326 1940 Boura,
1341 1883 1418 1930 cass.
1431 1867 1471 1948 Q,
1485 1865 1527 1948 9.)

604 2056 643 2127 ln
664 2055 805 2128 nomine
828 2063 945 2128 sancte
966 2063 1001 2128 et
1023 2052 1207 2128 individue
1226 2053 1412 2126 Trinitatis.
1438 2052 1634 2128 Fridericus
1654 2053 1830 2128 secundus
1845 2057 1965 2132 divina

555 2179 694 2253 favente
714 2179 895 2252 clementia
916 2180 1148 2252 Romanorum
1167 2178 1364 2274 imperator,
1380 2201 1517 2276 semper
1535 2181 1918 2274 augustus,1ercsalcm
1933 2191 1967 2256 et

555 2303 672 2376 Sicilie
695 2325 772 2375 rex.
800 2303 892 2376 Inter
909 2303 1017 2376 claras
1034 2303 1313 2376 mansuetudinis
1328 2311 1445 2376 nostre
1469 2303 1592 2377 landes
1612 2303 1700 2378 illud
1725 2305 1864 2400 puriora
1890 2307 1966 2380 luce

555 2437 719 2521 tanquam
733 2424 831 2499 sidus
845 2426 998 2518 irradiat,
1010 2427 1105 2520 quod
1115 2426 1199 2500 locis
1212 2437 1247 2500 et
1255 2427 1339 2499 viris
1351 2427 1520 2522 religiosis
1532 2427 1578 2501 ob
1588 2428 1652 2501 Dei
1665 2429 1892 2503 reverentiam
1902 2429 1964 2504 de⁴

554 2553 671 2625 votius
689 2550 923 2646 indulgemus.
941 2551 1014 2624 Hac
1029 2549 1135 2645 igitur
1151 2549 1247 2623 ducti
1265 2551 1538 2626 consideratione
1556 2550 1736 2646 laudabili,
1751 2552 1965 2628 attendentes

555 2678 734 2750 honestam
745 2675 852 2749 vitam
863 2684 898 2747 et
908 2674 1201 2748 conversationem
1216 2675 1426 2750 laudabilem
1435 2697 1500 2750 nee
1513 2697 1583 2749 non
1595 2685 1629 2748 et
1639 2675 1840 2771 religionem
1850 2678 1965 2773 ligidii

556 2800 763 2874 venerabilis
777 2799 913 2873 abbatis
922 2807 956 2871 et
969 2806 1161 2871 conventus
1171 2799 1368 2872 monasterii
1377 2799 1566 2872 Fontisvivi
1576 2799 1807 2874 cisterciensis
1818 2801 1961 2892 ordinis,

558 2923 714 2998 fidelium
732 2931 944 3016 nostrorum,
959 2943 1023 3019 pro
1043 2923 1154 2996 salute
1167 2933 1283 2996 nostra
1297 2932 1331 2996 et
1343 2923 1496 2998 remedio
1512 2922 1706 2996 animarum
1723 2923 1885 2997 divorum
1901 2947 1965 2998 au·

559 3060 738 3146 gustoram
750 3057 1132 3146 parentumncstrorum
1142 3047 1307 3120 memorie
1317 3047 1512 3140 recolende,
1524 3047 1570 3121 ad
1581 3069 1701 3144 preces
1711 3069 1967 3143 quoquevene·

559 3175 678 3249 rabilis
690 3173 886 3247 Portuensis
900 3181 934 3244 et
946 3173 1070 3244 Sancta
1079 3170 1203 3244 Rufina
1217 3171 1383 3267 episcopi,
1397 3170 1592 3268 Apostolice
1607 3171 1707 3246 Sedis
1722 3173 1839 3266 legati,
1852 3172 1967 3247 dilecti

559 3300 662 3374 amici
679 3298 807 3388 nostri,
826 3295 1071 3368 monasterium
1086 3295 1200 3391 ipsum
1217 3307 1251 3369 et
1266 3297 1427 3370 abbatem
1441 3295 1636 3392 predictum
1649 3317 1783 3369 necnon
1798 3306 1833 3369 ct
1850 3318 1969 3371 mona·

560 3424 643 3498 chos
659 3422 790 3496 ibidem
809 3421 955 3495 Domino
970 3421 1177 3494 famulantes
1197 3430 1232 3494 et
1247 3441 1462 3494 successores
1479 3421 1632 3516 ipsoram
1651 3421 1718 3493 snb
1735 3421 1875 3515 speciali
1890 3443 1969 3519 pro·

560 3549 708 3622 tectione
728 3570 769 3620 ac
794 3546 993 3621 defensione
1018 3553 1135 3620 nostra
1158 3547 1374 3642 suscepimus
1402 3554 1437 3618 et
1462 3545 1578 3618 omnia
1599 3545 1692 3618 bona
1711 3566 1781 3639 quc
1799 3555 1969 3620 monasta-

558 3675 650 3749 rium
675 3675 790 3772 ipsam
816 3673 997 3768 largitione
1028 3672 1223 3769 principum
1248 3693 1311 3746 sen
1337 3671 1511 3745 oblatione
1537 3670 1693 3746 fidelium
1723 3671 1969 3748 rationabiliter

560 3800 671 3874 tenuit
685 3799 851 3875 hactenns
868 3807 903 3872 et
923 3797 1077 3894 possedit
1095 3807 1131 3872 et
1149 3819 1219 3893 qne
1235 3798 1271 3870 in
1288 3806 1389 3872 antea
1411 3798 1506 3890 justo
1528 3797 1765 3892 acquisitionis
1781 3797 1881 3871 titulo
1905 3819 1968 3895 po·

559 3925 637 4000 terit
646 3923 809 4020 adipisci;
823 3923 858 3994 in
867 3921 1069 4016 quibnshec
1079 3921 1227 4018 propriis
1234 3921 1414 3996 vocabulis
1425 3921 1593 3996 duximus
1600 3921 1968 4018 exprimendazloonm

560 4053 597 4126 in
618 4073 690 4148 qno
711 4051 825 4146 ipsum
852 4047 1097 4122 monasterium
1124 4046 1230 4119 situm
1259 4055 1311 4119 est
1336 4067 1416 4119 cum
1440 4045 1656 4142 pertinentiis
1677 4047 1770 4138 suis,
1789 4047 1969 4141 grangiam

561 4175 744 4270 Gratigarii
757 4195 838 4248 cum
853 4171 1068 4270 pertinentiis
1083 4169 1169 4262 suis,
1182 4171 1361 4266 grangiam
1369 4171 1482 4244 Curtia
1496 4170 1644 4244 Redaldi
1659 4193 1739 4244 eum
1756 4171 1971 4267 pertinentiis

562 4300 772 4390 suis,rivnm
788 4321 879 4394 aque
893 4319 963 4394 que
977 4296 1105 4370 dicitnr
1121 4295 1167 4370 de
1178 4295 1306 4368 Noceta
1317 4303 1352 4368 et
1367 4295 1481 4368 rivum
1499 4317 1590 4391 aque
1606 4295 1734 4370 Tabira
1747 4295 1968 4370 Maledobati.

562 4429 716 4521 Desuper
727 4421 970 4496 abundantiori
981 4441 1122 4516 quoque
1134 4419 1243 4515 gratia
1258 4473 1408 4492 ......
1421 4419 1643 4494 concedimus
1653 4419 1704 4492 eis
1714 4427 1755 4491 ut
1767 4439 1822 4492 res
1835 4441 1917 4492 suas
1929 4418 1971 4490 li·

563 4549 696 4626 ceateis
704 4569 768 4645 pro
778 4546 985 4619 utilitatibus
997 4543 1193 4618 monasterii
1205 4544 1313 4616 libere
1323 4543 1475 4618 vendere
1485 4553 1520 4617 et
1528 4543 1731 4632 distrahere,
1741 4542 1868 4616 ducere
1878 4553 1970 4616 etrc·

563 4678 690 4754 ducere
700 4673 910 4766 ubicumque
918 4679 952 4744 et
962 4669 1240 4766 quibuscumque
1248 4668 1421 4742 voluerint
1433 4669 1508 4742 sine
1523 4669 1670 4761 alicujus
1684 4667 1965 4759 contradictione,
