4324 5916
212 621 309 683 lenter.
328 617 387 702 le]
655 612 851 676 HISTORIA
875 613 1168 678 utruonnrtce.
1555 607 1617 672 859

214 753 447 830 dietedomus
458 759 494 826 et
510 750 548 824 in
562 749 744 824 latitudine
760 752 890 848 prelete
901 773 993 848 aree,
1004 753 1118 828 eidem
1133 750 1277 826 ecclesia
1293 747 1514 838 eontulimus;
1534 767 1616 842 pre-

216 902 337 956 cavere
364 879 519 954 volentes
546 897 591 948 ns
617 884 754 972 propter
783 875 923 950 nimiem
947 877 1156 952 vicinitatem
1181 873 1413 968 adieoentinm
1436 872 1617 946 domorum

216 1007 404 1082 claustrum
427 1011 462 1078 et
483 1001 630 1078 ecclesie
646 1001 763 1097 aliquo
783 1001 945 1076 inoendio
966 1003 1003 1074 in
1024 1013 1199 1099 posterum
1215 999 1323 1097 possit
1346 997 1541 1095 periclitari.
1563 997 1618 1073 ad

216 1131 321 1224 bujne
343 1131 461 1224 iteque
479 1125 674 1202 donationis
688 1133 803 1200 nostre
817 1127 923 1200 robur
938 1127 974 1200 in
992 1135 1166 1224 posterum
1183 1125 1406 1215 duraturum,
1426 1131 1619 1220 presentem

216 1255 380 1352 peginam
400 1253 569 1328 oousoribi
587 1262 622 1326 et
635 1251 740 1345 sigilli
757 1252 862 1328 nostri
880 1252 1072 1326 munimine
1084 1254 1252 1346 jussimus
1267 1249 1425 1344 insigniri
1443 1247 1459 1345 (
1483 1247 1510 1345 l.

267 1382 383 1454 Testes
408 1379 458 1452 hii
491 1387 571 1452 suut
595 1377 821 1471 Eugelbartns
855 1377 1067 1454 coloniensis
1099 1377 1400 1474 erebiepiseopus,
1435 1374 1621 1448 Herimen-

219 1527 287 1578 nus
307 1503 508 1580 Werdansis
533 1503 747 1600 prepositus,
771 1501 901 1577 Sibodo
927 1503 1098 1598 Aquensis
1118 1503 1292 1594 decenus,
1316 1497 1487 1574 Gerendus
1508 1519 1623 1572 eomes

222 1631 267 1705 de
300 1629 409 1722 Diez,
442 1629 544 1702 irater
576 1626 758 1702 Bertoldus
787 1627 833 1704 de
862 1628 1108 1722 Tennenrode,
1138 1625 1347 1724 burgravius
1377 1625 1549 1699 Jolnnnes
1577 1621 1624 1698 de

223 1757 503 1852 Hammeretepn,
525 1752 729 1828 Wilbelmue
745 1751 937 1832 advocatus
962 1753 1149 1850 Aquensis,
1174 1751 1348 1826 ernoldus
1372 1749 1418 1824 de
1442 1749 1623 1823 Gimmen·

223 1881 322 1970 niob,
351 1879 524 1956 Gererdue
545 1877 591 1952 da
614 1877 989 1988 semiermes
1009 1879 1171 1976 magister
1194 1877 1358 1975 ooquine,
1378 1875 1485 1952 etalii
1500 1897 1624 1972 quem·

219 2005 349 2102 pllll'ffl.
1143 2044 1146 2052 ‚
1239 2038 1243 2072 ι

267 2129 393 2204 Actum
411 2128 508 2226 apud
536 2128 698 2222 Sinzelre,
717 2149 810 2204 anno
826 2128 872 2206 ab
889 2128 1121 2204 incarnatione
1135 2127 1272 2202 Domini
1295 2128 1343 2201 Μ.
1363 2125 1425 2202 CC.
1442 2127 1548 2219 XXV,
1565 2127 1623 2200 llll

222 2253 303 2330 idne
316 2255 478 2350 octobris,
498 2254 686 2330 indictione
701 2255 807 2347 llllll,
823 2275 915 2328 anno
930 2254 1027 2350 regni
1040 2254 1147 2328 nostri
1162 2254 1296 2351 quinto.

277 2821 481 2934 Hermone,
502 2825 762 2910 Romanorum
788 2852 873 2938 rex,
902 2835 1036 2912 notum
1066 2825 1157 2912 iecit
1181 2826 1367 2915 universis
1397 2829 1502 2940 qnod
1538 2829 1627 2914 Otto
1664 2838 1825 2940 mm·

227 2959 465 3070 praepositus
491 2959 668 3046 ecelesiae
686 2960 727 3044 S.
749 2961 907 3046 Serratii
923 2962 964 3044 in
983 2959 1170 3073 Trajeete,
1191 2961 1496 3073 consanguineus
1514 2987 1626 3068 suus,

224 3093 330 3175 omni
350 3093 487 3178 actioni
505 3120 605 3206 quee
622 3119 736 3206 super
752 3096 956 3182 donatione
981 3096 1216 3185 obedientiae
1237 3107 1276 3182 el
1288 3161 1292 3172 .
1297 3096 1383 3208 jure
1408 3103 1632 3207 patronatus

228 3225 456 3312 eceleeieein
470 3227 666 3341 Fletingen
683 3230 756 3340 ipsi
769 3239 980 3341 competere
996 3231 1208 3339 ridebatur,
1218 3231 1448 3320 renuntiarit
1463 3239 1500 3316 et
1517 3254 1630 3316 omne

224 3359 291 3470 jue
307 3361 475 3474 oepitulo
492 3362 533 3448 S.
555 3364 712 3450 Servetii
734 3366 785 3450 ed
809 3366 1090 3452 terminandum
1110 3366 1217 3452 litem
1233 3367 1437 3452 liberaliter
1453 3365 1625 3453 eontulit.

308 3581 429 3656 mont.
443 3599 482 3646 οι
499 3583 657 3647 numm
672 3584 703 3648 e.
720 3584 845 3650 servan
857 3587 1037 3666 messam.
1054 3589 1086 3650 n
1103 3587 1223 3651 nune
1235 3591 1307 3668 maj.
1326 3585 1497 3663 remen,
1511 3591 1582 3648 em.
1598 3585 1629 3663 1,

343 3689 396 3754 lul.
416 3701 454 3754 ⁴⁵
469 3697 565 3768 reeto;
580 3711 618 3756 ex
631 3696 734 3776 omgln.
751 3694 836 3772 rblo,
850 3703 924 3758 tour.
944 3697 1003 3776 111,
1020 3697 1073 3760 lol.
1093 3705 1123 3760 o.
1137 3698 1203 3774 Quo
1224 3699 1257 3760 ln
1278 3697 1343 3760 loeo
1356 3698 1467 3759 mentio
1489 3695 1525 3759 lit
1544 3695 1633 3774 sigllll

346 3798 495 3876 quendem
508 3799 568 3864 ens
580 3805 680 3865 eertels
691 3803 794 3865 vlrldls
805 3803 909 3865 eoloris
922 3801 1068 3883 appensi.)

277 3984 318 4057 lu
334 3985 474 4061 nomine
491 3997 608 4063 ennete
623 3998 659 4064 at
676 3989 858 4065 individue
875 3991 1060 4066 Trinitatis.
1082 3992 1249 4065 Henrious
1265 3991 1431 4088 septimus
1444 3991 1506 4066 Dei
1524 3991 1634 4088 gratia

232 4107 464 4184 Romanorum
485 4134 550 4186 rex
572 4122 607 4186 et
627 4135 763 4211 semper
784 4124 963 4210 augustus.
983 4117 1108 4190 Notum
1130 4117 1175 4190 eit
1195 4125 1264 4191 tam
1289 4118 1507 4215 presentibus
1523 4121 1633 4214 'quam

233 4233 358 4309 futuris
380 4236 475 4332 quod
500 4259 579 4312 oum
604 4239 692 4314 iuter
714 4239 876 4316 dilectum
899 4242 1193 4338 consanguineum
1216 4251 1371 4317 nostrum
1396 4245 1552 4318 Ottonem
1574 4265 1633 4317 ee·

268 4490 305 4566 (t)
324 4491 399 4563 Quae
413 4493 523 4568 qrridem
535 4493 644 4557 donatio
656 4497 813 4559 oonlirmeta
822 4499 872 4558 luit
884 4517 901 4559 e
911 4499 1033 4559 conredo
1046 4500 1171 4576 episeopo
1182 4501 1320 4560 Portnenei
1331 4505 1360 4560 et
1373 4501 1487 4561 Senotoe
1502 4502 1633 4575 numme,

233 4587 321 4662 leffito
332 4591 410 4650 Sedis
420 4593 854 4670 Apostolioae,apudceloniam‚e
868 4597 929 4657 idus
939 4597 1064 4656 februarii
1073 4600 1172 4674 (1226),
1180 4605 1209 4658 et
1220 4599 1255 4657 ab
1266 4599 1381 4658 ilenrico
1389 4600 1486 4659 comite
1498 4600 1532 4658 de
1544 4601 1634 4660 llonte

233 4683 447 4866 ldlipozwetlzmqi
469 4693 546 4754 dneis
567 4693 601 4754 do
622 4694 765 4772 limburg,
785 4697 858 4772 apud
878 4698 1005 4774 blonjoie,
1026 4699 1054 4757 x
1073 4697 1124 4756 lel.
1143 4697 1211 4774 junii
1231 4697 1332 4774 (1226).
1346 4697 1386 4758 ct.
1404 4697 1494 4773 Qurx,
1514 4697 1632 4772 ntem,
