4326 5910
533 567 593 630 rue
1053 571 1226 637 nnnnrm
1251 575 1420 640 snnrnn
1752 581 1833 662 [nn.
1852 583 1941 650 rust.

535 702 714 798 Adolphus
730 723 844 778 comes
861 703 907 778 ds
919 705 1087 800 biarchis,
1109 711 1277 788 chricus
1300 713 1346 788 de
1362 715 1514 813 bionpoy
1535 713 1605 812 (a),
1621 713 1784 794 Grrleom
1805 717 1852 793 de
1871 721 1941 794 Bn-

537 825 686 921 dingen‚
704 826 900 901 Bernordus
920 827 966 902 de
982 831 1173 926 iinrstmar,
1190 837 1411 914 Buroburdus
1431 837 1684 934 burchgruuius
1705 839 1751 914 de
1773 843 1940 927 chrcn

534 950 663 1042 rordc,
682 951 898 1025 Hermannus
917 951 962 1026 de
985 955 1201 1034 Molensrcbe
1222 959 1284 1056 (b),
1309 959 1493 1036 Anseimns
1513 963 1701 1060 imperialis
1721 965 1801 1038 auio
1821 987 1939 1041 mnes·

536 1073 663 1166 colons,
681 1083 716 1147 et
731 1074 791 1148 alii
807 1077 1042 1172 quamplures.

585 1194 670 1270 Acta
695 1207 777 1270 sunt
801 1197 867 1272 bec
891 1200 988 1296 apud
1009 1201 1255 1296 Frnnlreniurt,
1282 1227 1375 1282 anno
1402 1208 1511 1304 gratie
1535 1207 1798 1302 ntocmxnn,
1825 1208 1941 1285 indic-

537 1320 629 1394 tione
645 1321 721 1394 ΧΠ.

781 1543 1695 1564 mm-

589 1823 726 1909 Forma
742 1825 887 1934 primae
905 1825 1185 1936 compositionis
1203 1826 1318 1912 initae
1336 1853 1449 1939 super
1469 1826 1689 1912 liberatione
1706 1829 1940 1914 Waldemori

536 1959 731 2043 banorum
749 1959 851 2070 regis
870 1987 894 2044 a
910 1985 1058 2044 cornere
1072 1985 1151 2071 quo
1167 1985 1235 2070 per
1256 1961 1434 2046 comitem
1450 1961 1499 2046 de
1516 1960 1708 2048 Sobucrin
1726 1962 1936 2048 tenebatur.

619 2199 717 2274 (Edit.
737 2216 786 2278 up.
802 2201 998 2274 Tuonnnm,
1014 2195 1152 2280 diplom,
1172 2205 1193 2260 t.
1210 2201 1243 2276 1,
1256 2217 1288 2279 p.
1304 2208 1383 2282 289,
1397 2206 1428 2262 et
1446 2199 1576 2278 Suum,
1598 2200 1681 2284 Orip.
1704 2199 1833 2282 Guelfio,
1847 2209 1870 2264 t
1885 2203 1940 2276 IV,

657 2305 780 2384 praeiet.
793 2323 824 2384 p.
839 2313 931 2368 ⁴8.-
939 2307 1061 2368 Rectius
1076 2311 1176 2368 autern
1189 2307 1220 2367 in
1235 2304 1304 2369 Cod
1316 2303 1466 2388 diplomat.
1477 2305 1592 2381 deboc..
1602 2315 1626 2372 t.
1641 2309 1667 2386 1,
1678 2326 1706 2388 p
1724 2319 1774 2384 aa,
1783 2319 1817 2372 n·
1829 2309 1940 2372 XXVI.

657 2411 745 2474 Undc
757 2417 872 2472 tantum
890 2411 963 2490 qutd
974 2411 1013 2472 ad
1026 2427 1089 2473 rem
1101 2419 1232 2474 corbam
1245 2415 1388 2492 pertineat
1404 2413 1660 2494 deprompsimus.)

587 2627 657 2697 iiec
674 2634 727 2697 est
744 2625 853 2697 iorma
874 2623 1084 2698 liberationis
1105 2624 1236 2699 domini
1260 2625 1353 2722 mgis
1373 2625 1582 2702 Weidemari
1602 2635 1639 2701 st
1657 2625 1721 2700 iiiii
1744 2629 1839 2720 ejus,
1860 2649 1941 2724 pre·

538 2749 693 2825 sentibus
713 2749 878 2845 magistro
899 2751 1093 2823 Hermanno
1115 2749 1240 2822 domus
1265 2751 1528 2824 'tentonicorum
1549 2761 1584 2826 et
1603 2751 1680 2826 oiiis
1699 2751 1850 2825 nunctiis
1874 2753 1941 2826 im·

538 2875 637 2972 perii.
660 2875 826 2948 Dominus
842 2895 906 2948 rex
924 2873 1079 2971 promisit
1101 2873 1198 2970 quod
1221 2871 1368 2970 accipiet
1391 2893 1527 2949 crucem
1549 2873 1661 2948 iturus
1684 2875 1720 2948 in
1744 2875 1939 2950 subsidium

539 3001 640 3073 Tenc
655 3001 792 3073 Sancte.
814 2995 1030 3097 [Sequuntur
1046 2996 1260 3072 conditiones
1277 2997 1466 3072 admodum
1487 2999 1561 3094 regi
1583 3019 1727 3095 moves,
1745 2999 1835 3074 inter
1854 3019 1944 3096 qnos

538 3123 709 3198 restitutio
732 3131 843 3196 tarrae
866 3122 1110 3196 itonsalbinas
1133 3131 1169 3195 et
1193 3121 1391 3216 homagium
1420 3122 1564 3217 imperio
1592 3143 1656 3219 ptu
1683 3143 1792 3217 regno
1818 3123 1943 3198 Duriae

540 3243 767 3344 iaciendum]
796 3247 881 3320 item
909 3246 945 3317 in
969 3245 1056 3318 iesto
1088 3245 1283 3318 Natiuitatis
1307 3245 1410 3319 beate
1431 3245 1584 3340 Virginis
1613 3247 1770 3340 proxime
1796 3257 1945 3321 uenturo

540 3371 702 3446 dominus
717 3389 783 3444 rex
804 3371 1034 3445 Romanorum
1051 3377 1087 3442 et
1104 3368 1277 3465 principos
1294 3369 1428 3464 imperii
1448 3367 1620 3443 Bardnvic
1639 3369 1770 3442 curiam
1789 3370 1942 3445 celebru-

540 3495 629 3570 bunt
640 3494 686 3569 ad
702 3515 743 3568 ee
757 3492 956 3568 diffiniendo
964 3513 1034 3588 que
1046 3492 1206 3588 superius
1216 3492 1415 3583 dictasunt;
1426 3501 1462 3566 st
1473 3501 1516 3566 ut
1531 3491 1597 3567 boc
1608 3501 1683 3567 rats
1699 3493 1892 3568 bebenutur
1908 3503 1944 3569 et

540 3617 782 3691 inviolabiliter
797 3617 1035 3708 observentur,
1055 3617 1238 3712 subscripti
1254 3617 1474 3709 juraverunt,
1494 3625 1530 3690 st
1546 3616 1584 3690 in
1604 3615 1675 3692 fids
1696 3617 1939 3714 promiserunt.

542 3737 760 3838 [Sequuntur
775 3739 916 3813 nomina
927 3739 1132 3832 jurantium,
1150 3739 1350 3835 scilicctpro
1358 3749 1455 3835 parte
1467 3739 1559 3835 mgis
1571 3748 1606 3814 et
1621 3759 1684 3836 pro
1698 3749 1795 3837 porte
1806 3739 1941 3816 comitis

539 3863 677 3938 idenrici
694 3863 739 3938 de
754 3857 965 3960 Schwerin.]
983 3863 1055 3936 Hec
1067 3862 1311 3958 promissiones
1324 3872 1360 3936 et
1370 3866 1567 3958 juramenta
1582 3863 1649 3937 sub
1666 3863 1726 3936 tuti
1746 3865 1943 3940 conditione

539 3990 629 4062 iucta
652 3997 733 4060 sunt
753 3995 793 4058 ut
811 3983 841 4058 si
862 3985 1025 4058 dominus
1048 4007 1112 4060 rex
1136 3989 1366 4062 Romanorum
1392 3997 1428 4060 et
1451 3987 1622 4085 principes
1647 3988 1783 4086 imperii
1809 4009 1944 4085 eaque

539 4135 644 4209 supra
658 4111 751 4188 dicta
764 4120 845 4184 sunt
858 4107 1243 4206 voluerintadimpiere‚
1257 4110 1445 4207 supradicti
1458 4111 1816 4208 promissoresadbec
1827 4114 1944 4187 omnia

539 4245 732 4312 teneantur.
756 4233 792 4308 Si
810 4255 892 4308 vero
913 4235 1087 4332 principes
1108 4236 1283 4309 notuerint
1308 4235 1519 4332 adimplere,
1538 4235 1695 4330 iamdicti
1722 4237 1946 4333 pmmissoms

539 4361 586 4437 ed
603 4361 668 4436 bec
685 4358 900 4434 observanda
917 4359 1059 4434 minime
1075 4360 1295 4453 tenebuntur,
1313 4359 1361 4434 itu
1378 4359 1474 4456 quod
1492 4361 1730 4456 ajurumentis
1749 4370 1784 4436 et
1798 4361 1944 4457 promis-

578 4567 615 4644 (α)
634 4565 751 4628 Scilicet
763 4561 799 4626 de
815 4563 960 4648 Moctjois.

578 4671 613 4751 (i)
631 4671 750 4734 Rectius
767 4677 864 4734 eutem
878 4669 914 4734 de
930 4667 1108 4735 manet
