4326 5910
198 617 295 676 lrnrcr.
315 613 374 690 lb]
642 605 840 666 lllSTOlllA
859 603 1150 664 DlPLOblllTlCli.
1536 601 1597 662 855

243 747 411 822 Henricus
423 744 487 820 Dei
504 743 615 839 gratia
626 744 855 817 Romanorum
870 763 935 814 rex
951 749 986 814 et
1000 761 1134 837 semper
1146 749 1329 836 augustus,
1344 740 1515 814 universis
1529 741 1598 813 im-

195 877 284 974 perii
306 874 469 950 fidelibus
484 871 614 968 quibus
630 870 695 943 hee
712 869 810 942 litere
828 877 963 942 ostense
976 869 1103 943 luerint
1119 869 1263 966 gratiam
1282 879 1317 943 et
1331 892 1434 944 omne
1452 871 1595 944 bonum.

195 1003 251 1074 llx
268 999 481 1095 benignitate
495 995 681 1088 majestatis
699 995 794 1089 regie
813 995 1048 1091 compellimur
1068 995 1136 1092 piis
1154 1004 1189 1069 et
1204 995 1308 1089 justis
1330 995 1551 1091 petitionibus
1567 1004 1602 1069 et

196 1126 350 1199 maxime
366 1123 605 1218 religiosorum
623 1120 778 1195 virorum
799 1121 1010 1194 audientiam
1025 1121 1248 1196 favorabilem
1265 1119 1441 1194 exhibere.
1455 1119 1603 1196 Proinde

196 1249 362 1348 estquod
386 1258 506 1322 notum
524 1267 599 1320 esse
616 1247 779 1342 volumus
794 1246 964 1318 universis
981 1245 1078 1342 quod
1102 1246 1276 1318 constituti
1299 1267 1414 1320 ceram
1432 1247 1530 1319 nobis
1548 1245 1601 1319 di·

196 1357 275 1451 lecti
288 1375 394 1450 nostri
418 1373 528 1448 abbas
543 1381 577 1447 et
595 1372 717 1444 iratres
738 1371 880 1445 ecclesie
899 1370 1183 1445 Odenheimensis
1198 1371 1288 1444 bona
1303 1393 1366 1444 sua
1383 1393 1452 1466 que
1466 1372 1502 1444 in
1520 1372 1603 1446 villa

197 1501 359 1575 Zotherin
384 1499 559 1573 habebant
580 1505 650 1570 tam
671 1495 708 1568 in
730 1496 823 1592 agris
845 1518 951 1590 quam
967 1495 1003 1568 in
1021 1495 1134 1569 vineis
1157 1505 1192 1569 et
1210 1485 1288 1570 aliis
1308 1496 1599 1594 possessionibus,

198 1649 278 1700 cum
311 1626 436 1700 dilecto
462 1621 558 1697 fideli
586 1629 703 1695 nostro
723 1619 872 1694 liudolfo
894 1621 939 1694 de
961 1619 1156 1694 Chisolowa
1183 1644 1244 1718 pro
1269 1621 1479 1720 quibusdam
1503 1623 1603 1696 bonis

197 1751 360 1825 omnibus
379 1771 449 1846 que
466 1747 617 1823 habebat
633 1747 670 1820 in
693 1745 915 1822 Michenleldt
933 1755 966 1818 et
984 1745 1184 1839 Angelocha
1207 1756 1276 1820 tam
1295 1748 1331 1819 in
1349 1748 1458 1841 silvis,
1481 1750 1600 1846 pratis,

198 1875 329 1966 vineis,
357 1875 449 1970 agris
473 1895 514 1948 ac
540 1873 616 1948 aliis
645 1871 920 1968 possessionibus
940 1894 1001 1968 per
1028 1873 1266 1947 concambium
1292 1883 1599 1949 commutaverunt.

198 1999 326 2075 Verum
343 2022 423 2072 cum
440 1999 553 2072 dictus
566 1997 770 2094 liudolphus
790 1997 957 2094 prelibata
974 1999 1065 2072 bona
1083 1998 1120 2070 in
1133 1997 1366 2074 Michenveldt
1380 2008 1415 2072 et
1427 1999 1604 2096 Angeloch

199 2127 343 2202 anobis
367 2135 401 2200 et
423 2125 724 2224 predecessoribus
751 2125 875 2198 nostris
898 2126 935 2196 in
961 2125 1061 2198 feodo
1086 2125 1281 2217 detinebat,
1306 2136 1492 2200 memorata
1513 2127 1604 2200 bona

200 2253 335 2326 abbatis
355 2261 389 2326 et
410 2273 551 2326 suorum
574 2253 781 2324 confratrum
801 2251 836 2322 in
859 2249 1021 2322 Zlitherin
1046 2251 1188 2324 anobis
1211 2251 1248 2323 in
1271 2252 1371 2326 ieodo
1395 2253 1541 2348 recepit,
1566 2261 1605 2326 ut

201 2378 310 2475 ipsios
332 2376 505 2474 liudolphi
532 2376 622 2448 bona
646 2377 682 2448 in
708 2375 931 2449 Michenleldt
954 2385 988 2449 et
1007 2375 1204 2472 Angeloche
1229 2378 1336 2452 libere
1355 2389 1390 2452 et
1412 2379 1506 2452 omni
1526 2381 1605 2472 jure

200 2503 415 2600 proprietatis
431 2503 540 2575 abbas
559 2513 593 2575 et
608 2501 664 2574 sni
683 2502 868 2574 confratres
887 2501 1085 2598 possideant
1101 2504 1290 2578 memorati.
1310 2505 1378 2577 Nos
1394 2526 1477 2578 vero
1496 2515 1605 2579 atten-

173 2611 176 2620 ’
202 2629 322 2703 dentes
349 2625 546 2702 evidentem
576 2625 754 2699 utilitatem
781 2626 923 2699 ecclesie
947 2627 1129 2722 prelibate,
1154 2627 1280 2700 dictam
1305 2630 1605 2704 commutationem

201 2754 329 2828 hebere
355 2753 516 2827 volumus
544 2750 677 2824 firmam
709 2761 743 2824 et
768 2761 890 2824 ratam.
921 2751 1126 2826 Mandamus
1153 2752 1259 2845 igitur
1285 2753 1351 2826 sub
1382 2775 1471 2849 pena
1498 2755 1607 2846 gratie

202 2888 316 2952 nostre
334 2877 476 2951 firmiter
495 2877 690 2950 inhibentes
715 2899 758 2950 ue
777 2877 903 2972 aliquis
926 2878 1114 2973 sepefatum
1134 2877 1293 2952 abbatem
1317 2887 1352 2950 et
1371 2899 1452 2951 suos
1474 2881 1607 2953 confra-

203 3016 272 3079 tres
291 3005 327 3077 in
342 3005 444 3078 bonis
458 3025 578 3077 eorum
596 3003 633 3074 in
648 3001 881 3077 Michenveldt
896 3012 931 3076 et
944 3002 1118 3098 Angelooh
1138 3002 1232 3100 ipsos
1252 3013 1426 3100 presumat
1441 3003 1476 3076 in
1493 3006 1610 3100 aliquo

204 3131 397 3203 molestare.
420 3127 523 3216 Quod
538 3128 600 3226 qui
616 3127 735 3202 lecerit
748 3126 913 3202 offensam
931 3138 1082 3202 nostram
1098 3129 1233 3202 noverit
1248 3129 1399 3224 graviter
1412 3130 1607 3206 iucurrisse.

252 3255 366 3348 Hujus
393 3275 477 3328 vero
502 3253 582 3328 iacti
605 3263 708 3327 testes
733 3263 814 3326 sunt
834 3253 1042 3327 venerabilis
1064 3253 1291 3348 Engelbertus
1312 3255 1521 3333 coloniensis
1540 3256 1612 3356 [er-

205 3378 477 3480 chi]episcopus‚
494 3379 674 3454 Conradus
691 3381 799 3473 major
819 3381 1013 3476 prepositus
1030 3379 1076 3454 de
1090 3383 1178 3472 Tan,
1200 3381 1240 3453 G.
1258 3403 1374 3455 eomes
1388 3381 1432 3456 de
1448 3382 1548 3476 Diez,
1571 3383 1607 3457 C.

206 3506 278 3606 (ll.)
292 3507 425 3603 dapifer
438 3505 483 3581 de
496 3506 681 3603 Walpurg,
696 3504 775 3579 Otto
790 3505 917 3603 (Dicto)
930 3505 975 3580 de
989 3507 1229 3604 Ravenspurg,
1245 3517 1279 3581 et
1298 3507 1358 3581 alii
1375 3509 1610 3605 quamplures.

253 3629 377 3704 Actum
396 3629 493 3728 apud
512 3631 660 3728 spiram,
682 3651 773 3704 anno
792 3629 966 3706 dominice
982 3631 1226 3707 incamatiouis
1250 3633 1429 3708 millesimo
1447 3634 1611 3710 dueente-

207 3756 294 3829 simo
309 3756 431 3846 XXV⁰,
451 3756 509 3830 Vll
527 3755 608 3830 idus
625 3756 841 3853 septembris,
860 3755 1049 3840 indictione
1064 3759 1184 3832 Xllll·.

452 4067 472 4078 D
485 4069 690 4079 -ι-ιοαυυηι
694 4069 1199 4080 —u-——m———m
1204 4070 1262 4079 ...a
1266 4070 1364 4078 ..ι-ιι·-

260 4341 459 4449 Hemicus,
479 4341 738 4430 Romanorum
764 4343 1370 4454 rex,onnotis1mperi1fidelibus
1392 4347 1548 4431 mandat
1564 4373 1613 4431 ne
1678 4375 1785 4483 wpu

209 4475 332 4560 ullum
349 4477 573 4588 impendant
595 4477 779 4562 auxilium
801 4477 946 4563 civibus
963 4477 1171 4562 bisuntiois
1179 4461 1821 4592 ‚qu1archiepisoopumv2uwc‘

210 4636 323 4694 suum
349 4610 536 4722 ejecerant
561 4613 927 4724 communitatesque
953 4623 1085 4698 contre
1113 4614 1336 4698 sententiam
1358 4615 1470 4700 Remi
1495 4617 1614 4704 latam

211 4755 433 4830 statuerant.
