4466 5914
1036 536 1249 600 retostuct
1273 538 1449 602 SECUNDI
1641 603 1652 616 ,
1760 539 1840 625 [An.
1857 543 1944 608 lm

1201 809 1253 882 11.
1405 864 1407 872 .

617 1018 711 1097 (Ecllt.
726 1013 848 1090 ididan,
863 1022 897 1076 n⁰
910 1013 1016 1088 XLIV,
1031 1031 1063 1092 p.
1078 1021 1128 1076 et.
1139 1045 1180 1060 -
1192 1013 1390 1077 Memoratum
1402 1013 1608 1076 tantumnodo
1620 1031 1669 1093 ep.
1685 1014 1814 1092 Senam,
1830 1015 1944 1100 Οήςὺι

656 1120 765 1206 deols„
780 1129 804 1185 t.
819 1122 879 1198 111,
893 1138 925 1198 p.
942 1116 1025 1201 cet.)

583 1312 776 1388 Fridericns
794 1309 858 1382 Dei
883 1307 994 1401 gratie
1016 1308 1246 1382 Romanorum
1262 1308 1460 1406 imperator,
1483 1331 1620 1406 semper
1638 1317 1826 1405 augustus,
1845 1312 1944 1386 lem.

533 1440 641 1516 salem
655 1447 690 1510 et
701 1435 817 1510 Sicilie
831 1455 909 1523 rex,
927 1431 1044 1506 comiti
1054 1431 1229 1506 Bemerdo
1242 1431 1289 1506 de
1300 1434 1547 1530 Speygelherg,
1564 1433 1720 1507 Conrado
1729 1433 1775 1508 de
1785 1434 1943 1529 Altalago

533 1575 569 1639 et
582 1561 732 1636 Giselero
751 1559 795 1634 de
810 1557 949 1631 Ethscm
966 1554 1128 1630 fidelibus
1147 1557 1220 1629 suis
1238 1557 1383 1650 gratiam
1397 1579 1497 1631 suam
1512 1566 1547 1630 et
1567 1579 1670 1631 omne
1689 1557 1834 1632 bonum.
1858 1558 1941 1632 Cum

534 1696 673 1787 propter
692 1706 835 1782 guerras
851 1705 923 1779 que
946 1690 1129 1758 vertuntur
1147 1681 1236 1754 inter
1258 1703 1323 1754 vos
1346 1704 1394 1756 ex
1419 1691 1518 1780 parte
1543 1705 1613 1756 una
1639 1693 1675 1754 et
1698 1682 1875 1757 Bodonem
1898 1683 1944 1757 de

532 1811 728 1887 Homborch
741 1831 789 1884 ex
803 1810 923 1899 altera,
940 1807 1048 1881 multa
1062 1805 1282 1880 incommoda
1297 1815 1333 1879 et
1345 1805 1592 1902 impedimenta
1605 1807 1810 1902 proveniant
1823 1807 1943 1902 grauia

532 1937 672 2033 negotio
686 1937 790 2009 Terre
803 1937 939 2024 Sancte,
954 1941 990 2006 et
1002 1929 1262 2027 quodammodo
1276 1939 1349 2006 tota
1362 1931 1541 2028 provincia
1559 1942 1698 2029 propter
1710 1933 1777 2006 hoc
1790 1933 1826 2004 in
1839 1932 1944 2006 deso-

533 2065 662 2138 latione
677 2062 723 2134 sit
739 2060 851 2157 posita
868 2067 904 2132 et
920 2079 990 2130 non
1006 2059 1119 2130 solum
1132 2057 1276 2130 ecclesie
1289 2079 1359 2153 que
1375 2056 1614 2150 destruuntur,
1632 2057 1696 2132 sed
1711 2066 1746 2131 et
1759 2079 1939 2153 pauperes,

533 2189 643 2262 vidue
665 2186 822 2260 simulet
842 2183 988 2280 orphani
1011 2182 1057 2256 de
1081 2183 1238 2280 partibus
1259 2183 1345 2277 illis,
1367 2193 1404 2257 et
1418 2183 1612 2281 specialiter
1627 2183 1721 2256 bonu
1737 2181 1943 2256 venerabilis

533 2310 800 2386 Hildesemensis
822 2309 979 2405 episcopi
1006 2307 1122 2381 dilecti
1139 2308 1306 2404 principis
1331 2309 1439 2382 nostri
1456 2317 1492 2383 et
1507 2329 1650 2383 sucrum
1674 2307 1853 2381 hominum
1873 2328 1943 2404 qne

536 2437 759 2532 diripiuntur,
780 2433 920 2508 assidue
937 2432 1138 2526 hujusmodi
1157 2455 1281 2530 penem
1296 2435 1410 2528 luent,
1432 2433 1590 2509 lidelitati
1607 2441 1721 2508 vestre
1737 2432 1943 2508 mandamus

535 2562 678 2636 firmiter
697 2561 764 2632 sub
786 2559 929 2632 obtentu
952 2567 1069 2632 nostre
1093 2559 1204 2652 gretie
1225 2559 1444 2654 injungentes
1464 2569 1637 2655 qnatenus
1658 2580 1763 2654 snper
1780 2559 1943 2632 retorna-

534 2688 629 2760 tione
642 2685 739 2782 pacis
755 2684 843 2757 inter
860 2704 926 2757 vos
946 2692 981 2758 et
999 2682 1154 2757 sedanda
1170 2683 1343 2758 discordia
1356 2684 1480 2757 illustri
1496 2684 1580 2758 duci
1596 2683 1642 2758 de
1656 2681 1863 2757 Brunswich
1888 2681 1943 2755 di-

535 2813 623 2884 lecto
636 2807 788 2905 principi
804 2815 941 2898 nostro,
960 2807 1017 2879 cui
1033 2807 1225 2903 specialiter
1250 2807 1319 2882 hoc
1341 2807 1589 2904 exequendum
1610 2807 1864 2898 commisimus,
1882 2827 1940 2879 eo·

536 2933 721 3031 quiescetis
749 2930 925 3005 humiliter
954 2940 989 3004 et
1020 2931 1164 3022 devote3
1186 2939 1226 3003 nt
1248 2931 1300 3004 sic
1324 2931 1449 3004 Christi
1475 2930 1652 3026 negotium
1683 2929 1844 3026 impediri
1874 2949 1942 3003 non

535 3057 644 3155 possit
671 3065 706 3130 et
731 3055 875 3128 ecclesie
898 3055 981 3146 Dei,
1003 3053 1113 3127 vidue
1130 3075 1273 3148 quoque
1299 3063 1335 3127 et
1355 3055 1501 3150 orphani
1528 3053 1772 3128 detrimentum
1800 3052 1944 3126 ulterius

535 3179 931 3274 nullatenuspatiantnr,
944 3177 1185 3274 indempnitati
1198 3177 1342 3274 predicti
1354 3179 1520 3276 episcopi,
1532 3180 1944 3254 ecclesiesneetsncrnm

534 3305 732 3396 hominum,
753 3325 831 3376 cum
857 3325 920 3399 per
944 3302 1099 3376 studium
1115 3312 1151 3376 et
1173 3303 1441 3378 sollicitudinem
1465 3305 1541 3398 ejus
1556 3305 1750 3402 predictum
1767 3305 1942 3399 negotium

533 3433 635 3503 Terre
648 3430 773 3500 Sancte
790 3428 919 3501 utiliter
933 3436 970 3502 et
984 3427 1204 3502 laudabiliter
1219 3428 1323 3503 valde
1337 3428 1466 3503 cotidie
1476 3438 1691 3526 procuretur,
1705 3429 1846 3502 omnino
1859 3449 1944 3524 pre-

535 3553 706 3628 cavendo.
721 3552 902 3648 Alioquin,
923 3575 1003 3626 cnm
1018 3575 1065 3626 ex
1078 3553 1162 3647 hoc,
1179 3555 1269 3627 sicut
1284 3553 1425 3650 potestis
1440 3553 1675 3652 perpendere,
1694 3577 1757 3652 per
1770 3575 1835 3628 vos
1851 3554 1945 3651 ipsos

534 3688 570 3752 et
586 3681 697 3750 Deum
715 3689 749 3752 ct
768 3678 925 3752 homines
949 3688 1067 3752 contre
1085 3699 1150 3752 vos
1165 3679 1413 3754 rationabiliter
1430 3689 1465 3754 et
1478 3678 1715 3778 multipliciter
1730 3679 1941 3777 provocetis,

533 3825 598 3878 nos
613 3804 675 3898 qni
692 3803 824 3877 dictum
842 3803 965 3876 Christi
977 3804 1155 3898 negotium
1173 3815 1378 3902 postponere
1394 3827 1464 3880 non
1477 3827 1663 3902 possumus
1677 3827 1742 3878 nec
1756 3805 1941 3896 dehemus,

533 3939 721 4002 memorato
751 3928 835 4002 duci
861 3929 908 4002 de
930 3929 1137 4004 Brnnswich
1166 3952 1228 4026 per
1253 3930 1383 4004 littores
1409 3929 1624 4004 celsitudinis
1649 3939 1763 4004 nostre
1790 3927 1944 4005 districte

533 4055 695 4130 dedimus
712 4053 750 4126 in
767 4053 941 4128 mandatis
958 4063 997 4126 nt
1014 4055 1211 4128 convocatis
1233 4053 1395 4129 fidelibus
1419 4055 1555 4152 imperii
1574 4077 1621 4128 cx
1643 4065 1741 4152 parte
1762 4063 1895 4146 nostra,
1912 4053 1944 4126 si

531 4201 619 4274 opus
642 4179 746 4252 inerit
763 4178 937 4251 innocenti
955 4179 1044 4275 parti
1069 4178 1245 4254 mediante
1265 4181 1399 4274 justitia
1416 4181 1454 4253 in
1473 4181 1645 4254 auxilinm
1662 4180 1824 4270 veniens,
1843 4179 1943 4252 mali·

532 4304 621 4413 ciem
639 4312 673 4375 et
688 4303 888 4400 superbiam
906 4303 1012 4400 partis
1025 4303 1172 4378 adverse
1185 4313 1350 4396 conterat,
1369 4314 1472 4402 prout
1485 4305 1614 4380 viderit
1630 4303 1938 4402 comprimendam.

579 4429 705 4502 Datum
721 4427 816 4525 apud
832 4429 984 4524 burgum
999 4430 1114 4503 Sancti
1128 4431 1266 4526 Donini,
1284 4433 1328 4505 Vl
1343 4430 1401 4505 die
1413 4431 1506 4526 julii,
1522 4432 1615 4505 Xllll
1630 4431 1841 4505 indictionis.
