4324 5916
528 551 590 614 900
1054 551 1226 612 llllNlllCl
1252 551 1424 613 SEPlell
1758 547 1838 634 [Asa.
1856 549 1941 612 1226.

534 686 711 794 episcopo
747 683 862 766 tradit
895 692 933 766 et
968 692 1134 766 castrum
1165 682 1424 766 Vichersheim
1454 708 1526 793 pm
1563 681 1669 765 mille
1698 682 1837 765 marcis
1871 709 1943 765 ar-

534 819 639 931 genti
669 818 832 929 obligat‚
863 817 896 899 si
925 825 1072 926 patrem
1099 842 1214 900 suum
1246 818 1296 899 ad
1327 816 1647 932 approbationem¹
1666 817 1945 926 praedictorum

532 954 712 1038 inducere
729 951 954 1062 nequiverit.

616 1167 717 1249 (Edld.
732 1169 940 1242 Seltommt,
955 1162 1049 1228 Abas
1062 1163 1228 1246 diplomat..
1243 1173 1313 1230 tom
1329 1166 1363 1242 1,
1376 1185 1406 1245 p.
1424 1175 1496 1246 8⁵⁷,
1507 1176 1543 1228 ῃ·
1556 1175 1632 1247 444,
1645 1165 1663 1227 ὲ
1676 1165 1745 1230 libr.
1754 1165 1840 1228 sallo.
1854 1167 1944 1244 capit

650 1279 723 1354 maj.
739 1273 875 1354 argent.)

579 1461 748 1536 Hearious
765 1461 827 1534 Dei
840 1461 952 1557 gratia
966 1462 1197 1535 Romanorum
1215 1483 1278 1534 rex
1296 1471 1330 1535 et
1343 1483 1480 1558 semper
1492 1469 1661 1558 augustus
1665 1515 1942 1534 .........

531 1586 697 1659 Noverint
727 1585 880 1659 universi
885 1638 1097 1658 .......
1119 1585 1216 1680 quod
1241 1607 1306 1659 nos
1327 1587 1373 1659 ob
1397 1585 1617 1660 devotionem
1640 1584 1756 1659 dilecti
1782 1585 1947 1682 principis

533 1711 640 1784 nostri
670 1709 821 1782 Bertoldi
849 1708 1108 1804 Argentinensis
1141 1711 1294 1806 episcopi
1319 1719 1354 1784 et
1383 1711 1528 1784 ecclesie
1550 1733 1631 1802 sas,
1664 1711 1946 1806 compositionem

533 1837 622 1908 inter
639 1835 896 1908 serenissimum
913 1834 1092 1908 dominum
1108 1835 1348 1930 imperatorem
1366 1845 1498 1931 patrem
1516 1845 1670 1908 nostrum
1685 1843 1720 1908 et
1733 1857 1796 1908 nos
1814 1857 1862 1906 ex
1879 1856 1947 1908 una

534 1969 631 2056 parte
647 1968 682 2032 et
699 1958 878 2033 dominum
902 1959 1104 2056 episcopum
1122 1969 1157 2033 et
1173 1981 1272 2032 suam
1293 1960 1472 2032 ecelesiam
1494 1981 1540 2032 ex
1557 1959 1661 2032 altera
1681 1980 1786 2056 super
1807 1969 1947 2032 contro·

535 2085 648 2158 vsrsia
675 2082 809 2158 diutius
838 2084 983 2178 apuu,
1003 2082 1300 2180 quemadmodum
1326 2084 1422 2181 apud
1443 2085 1577 2182 Spiram
1600 2107 1663 2181 per
1686 2105 1768 2173 nos,
1788 2084 1880 2156 sieut
1902 2107 1948 2158 ex

535 2209 656 2282 litteris
669 2209 794 2282 nostris
810 2207 863 2304 (l)
875 2209 984 2302 liquet
1005 2209 1201 2298 manileste,
1220 2209 1374 2283 noscitur
1392 2210 1597 2305 approbata,
1618 2208 1669 2281 sic
1685 2209 1721 2279 in
1740 2217 1947 2306 perpetuum

535 2342 645 2406 ratam
661 2341 696 2405 et
710 2331 844 2404 firmam
856 2333 1025 2406 babemus
1042 2333 1220 2422 eamdem3
1237 2334 1471 2429 promittentes
1484 2335 1581 2430 quod
1595 2357 1616 2407 a
1629 2334 1741 2430 prima
1754 2334 1948 2431 Epiphania

534 2455 671 2529 Domini
688 2456 736 2532 ad
751 2479 880 2530 annum
898 2479 960 2554 per
975 2457 1155 2532 dominnm
1169 2459 1408 2555 imperatorem
1423 2469 1554 2555 patrem
1568 2468 1721 2566 nostrum
1737 2459 1850 2556 ipsam
1866 2483 1946 2533 cum

534 2581 656 2655 litteris
675 2582 830 2675 ejusdem
854 2583 1090 2680 solempnibus
1115 2585 1282 2658 iaciemus
1307 2585 1343 2656 in
1369 2586 1531 2658 omnibus
1556 2583 1739 2680 approbari
1763 2585 1948 2679 pavitaret

536 2705 742 2780 confirmari.
752 2707 794 2779 Et
807 2708 891 2802 quia
901 2709 1001 2783 nobis
1013 2709 1105 2783 idem
1120 2710 1305 2806 episcopus
1318 2710 1457 2784 [eodum
1471 2718 1627 2782 nostrum
1636 2707 1732 2802 quod
1744 2708 1791 2782 ab
1804 2709 1947 2782 ecclesia

533 2830 610 2926 ipsa
628 2829 689 2903 diu
708 2831 954 2926 requisivimus
969 2834 1138 2908 concessit
1151 2835 1349 2927 liberaliter,
1361 2836 1428 2908 sub
1439 2857 1481 2908 ea
1495 2835 1604 2908 lorma
1617 2833 1707 2904 sicut
1723 2833 1760 2906 in
1774 2834 1947 2929 composi·

535 2955 628 3028 tione
640 2956 834 3030 continetur
846 2967 1046 3046 memorata,
1061 2959 1230 3033 actionem
1245 2981 1383 3032 omnem
1396 2967 1430 3033 et
1439 2961 1499 3052 jus
1510 2959 1711 3030 universum
1723 2957 1821 3052 quod
1832 2959 1868 3029 in
1878 2980 1948 3031 om·

533 3079 639 3152 nibus
653 3079 754 3153 bonis
767 3080 859 3154 bone
876 3083 1039 3156 memoria
1058 3083 1232 3156 comitisse
1245 3083 1290 3158 de
1306 3083 1503 3176 Tagesburo
1516 3080 1570 3180 (Ξ)
1583 3081 1654 3156 filie
1671 3081 1806 3155 comitis
1818 3081 1947 3156 Alberti
2010 3065 2014 3071 “

534 3204 580 3277 ab
591 3204 714 3278 eodem
727 3205 925 3302 episcopoa
942 3206 1201 3281 marchionibus
1211 3209 1406 3281 Hermanno
1414 3217 1449 3280 et
1459 3208 1617 3282 Heinrico
1627 3207 1672 3282 de
1684 3207 1802 3282 Badeo
1816 3208 1949 3280 ratione

534 3331 761 3403 successionis
775 3329 982 3405 hereditarie
993 3332 1119 3428 emptis
1131 3332 1294 3430 competit
1312 3331 1368 3405 vsl
1386 3332 1613 3428 competebat,
1630 3332 1667 3404 in
1685 3331 1847 3404 manibus
1862 3330 1947 3405 resi·

535 3455 738 3554 gnavimus,
763 3465 798 3529 et
818 3457 1094 3530 renuntiavimus
1112 3457 1244 3531 eisdem
1269 3457 1307 3530 in
1333 3465 1466 3530 tantum
1484 3457 1581 3554 quod
1605 3459 1708 3531 etiam
1731 3479 1796 3530 nec
1818 3456 1949 3530 ratione

533 3574 803 3652 donationisseu
814 3577 1026 3652 venditionis
1039 3580 1096 3653 vel
1109 3581 1178 3654 ulia
1189 3579 1306 3676 aliqua
1317 3579 1477 3654 decanea
1491 3581 1660 3676 prelatum
1675 3579 1874 3676 episcopum
1888 3585 1949 3651 aut

534 3699 686 3796 aliquem
699 3725 801 3775 suum
816 3725 1049 3778 successorem
1055 3757 1266 3778 .......
1288 3706 1494 3802 impetamus
1497 3757 1641 3777 .....
1660 3703 1817 3777 Castrum
1832 3713 1947 3775 autem

535 3845 667 3898 novum
683 3835 763 3900 ante
774 3825 947 3904 Girbaden
959 3829 1095 3904 noviter
1108 3827 1308 3902 edificatum
1319 3839 1400 3904 ante
1411 3829 1633 3904 Nativitatem
1641 3829 1778 3900 Domini
1791 3825 1948 3899 instantis

534 3951 619 4022 anni
633 3951 787 4025 tradetur
796 3953 832 4024 in
842 3955 964 4049 prelati
976 3955 1129 4052 episcopi
1140 3964 1307 4052 potestate
1310 4009 1442 4029 .....
1461 3953 1497 4028 si
1515 3955 1695 4028 dominum
1708 3953 1947 4048 imperatorem

534 4085 664 4170 patrem
686 4086 841 4150 nostram
872 4078 919 4152 ad
943 4079 1199 4152 observantiam
1219 4091 1254 4154 et
1278 4081 1562 4176 approbationem
1590 4075 1866 4174 supradictorum
1893 4076 1948 4147 in-

536 4199 665 4274 ducere
688 4201 933 4295 nequiremus,
956 4255 1228 4276 .........
1257 4202 1303 4276 ad
1331 4204 1538 4276 solutionem
1555 4201 1649 4274 millo
1673 4219 1867 4274 marcarum
1894 4219 1947 4271 ar·

537 4325 631 4418 genti
652 4347 716 4399 nos
732 4326 929 4421 obligamus
945 4327 1059 4402 eidem
1080 4328 1137 4401 vel
1154 4347 1219 4401 suo
1235 4327 1443 4418 successori3
1468 4347 1531 4424 pm
1551 4349 1622 4422 qua
1644 4347 1781 4398 summa
1802 4319 1948 4420 munla

570 4599 609 4672 (l)
627 4599 701 4669 Quas
714 4601 822 4676 quidam
836 4619 889 4662 non
903 4603 1024 4662 inveniro
1034 4603 1180 4678 possimus.
1193 4604 1234 4664 Gt.
1247 4620 1346 4680 supra,
1359 4621 1389 4681 p.
1405 4605 1468 4662 ¹156.

573 4697 611 4772 (ἱ)
624 4697 687 4757 Sive
700 4697 733 4755 de
745 4699 944 4776 Doprborqlle
954 4701 1179 4761 haehaereditato
1190 4703 1245 4762 vid.
1253 4697 1860 4776 uocum,avstotrad’lboc‚probatp.es
1869 4699 1898 4754 ct
1906 4693 1946 4751 st.
