4324 5916
1095 585 1270 648 nesarci
1295 585 1466 650 surrrnr
1796 585 1877 666 [nu.
1896 587 1982 652 rese

493 1223 521 1309 ἵ·
618 1208 824 1316 demicus,
844 1208 1105 1293 Romanorum
1135 1233 1222 1316 rex,
1251 1204 1479 1293 coenobium
1503 1205 1637 1291 bealae
1661 1205 1803 1292 Mariae
1827 1205 1869 1288 in
1895 1206 1980 1290 lle-

566 1340 775 1453 nigsbruok
793 1369 816 1426 o
833 1341 1139 1452 progenitoribus
1156 1341 1237 1426 suis
1253 1341 1458 1426 fundatum
1473 1341 1512 1423 in
1532 1365 1603 1424 sua
1627 1340 1860 1450 protectione
1886 1339 1982 1424 reci·

566 1477 641 1586 pit,
666 1503 756 1561 oum
786 1477 965 1563 omnibns
993 1476 1229 1588 pertinentiis
1258 1499 1424 1588 quarum
1452 1473 1644 1586 quaedam
1675 1473 1818 1558 ibidem
1843 1475 1979 1585 expri-
2074 1583 2086 1598 ..

565 1619 736 1695 munlur.

643 1855 742 1932 (Ildld.
762 1855 969 1932 Sunonensis,
988 1852 1083 1919 Anu.
1099 1849 1228 1936 diplom,
1244 1859 1269 1918 t.
1284 1855 1316 1936 1,
1329 1871 1361 1934 p.
1380 1863 1457 1929 8⁵⁴,
1471 1863 1505 1916 u·
1525 1861 1596 1930 aaa,
1613 1870 1676 1916 non
1691 1855 1804 1933 Inlegrc
1820 1857 1921 1915 lamen
1938 1869 1976 1914 ex

625 2023 630 2034 ,
681 1963 798 2025 schedis
805 1960 1054 2042 weomadum.)

611 2178 779 2252 Ilenrieus
802 2177 866 2252 Dei
893 2178 1002 2273 gralia
1029 2178 1261 2252 Romanorum
1289 2198 1370 2269 rex,
1390 2197 1526 2274 sempor
1552 2185 1722 2272 augustus
1724 2229 1971 2250 ........

561 2303 752 2376 Cenobium
772 2305 876 2377 Bealc
894 2303 1001 2378 llarIe
1018 2302 1115 2398 quod
1132 2303 1168 2376 in
1183 2303 1430 2400 Regisponlea
1452 2300 1612 2375 felicibus
1632 2301 1790 2397 augustis
1807 2301 1975 2398 progeni-

560 2428 694 2503 toribus
725 2427 851 2500 noslris
884 2428 1065 2502 recolende
1088 2429 1251 2504 memorio
1283 2426 1466 2502 fundatum
1487 2435 1558 2520 esl,
1582 2427 1620 2498 in
1643 2435 1795 2501 nostram
1823 2427 1973 2522 regalem

559 2551 806 2650 protectionem
833 2553 1054 2650 suscipimus.
1079 2607 1089 2624 .
1114 2605 1122 2624 .
1147 2539 1328 2650 ..ipsum
1353 2551 1516 2628 videlicet
1538 2552 1652 2626 locum
1673 2551 1919 2648 llegisponlem
1936 2551 1971 2624 in

560 2698 631 2772 quo
659 2677 797 2751 abbatia
824 2685 1019 2751 constructa
1045 2686 1201 2750 osteum
1232 2677 1395 2750 omuibus
1423 2677 1638 2774 pertinentiis
1666 2677 1759 2770 suis,
1791 2677 1971 2774 grangiam

559 2801 834 2896 Winlershusen,
844 2802 1011 2895 Ilolbach,
1021 2801 1263 2899 Wigersheim,
1278 2801 1498 2896 Kesselbaoh,
1509 2801 1703 2886 llberbach,
1718 2801 1967 2897 Triogeubach,

559 2927 824 3022 Ilugesbergen,
855 2925 1180 3019 Danohralesheim,
1212 2926 1392 3020 grangiam
1422 2947 1563 3023 quoque
1590 2925 1796 3000 Ostrendorl
1824 2925 1871 3000 ab
1904 2948 1971 3002 avo

559 3063 675 3126 noslro
692 3053 750 3148 pio
765 3053 929 3126 memorie
942 3052 1109 3146 jamdicto
1126 3053 1270 3126 cenobio
1287 3073 1334 3125 ex
1347 3051 1500 3126 maxima
1514 3061 1609 3150 parte
1624 3061 1870 3148 comparatam,
1881 3053 1969 3126 infra

559 3178 759 3252 comitatum
773 3177 889 3269 silam,
906 3185 941 3250 et
956 3177 1135 3271 grangiam
1147 3175 1393 3270 vachonnam,
1412 3175 1572 3273 predium
1588 3198 1729 3273 qnoque
1746 3177 1843 3272 quod
1857 3177 1970 3274 preli-

555 3302 676 3376 batum
701 3301 884 3376 cenobium
899 3323 922 3375 a
943 3303 1095 3376 Waltero
1116 3301 1193 3376 viro
1210 3303 1319 3376 nobili
1342 3302 1388 3377 do
1409 3303 1513 3377 Borre
1530 3302 1669 3398 trigiula
1687 3303 1813 3378 marcis
1833 3303 1967 3400 argenti

555 3434 792 3523 comparatum
810 3428 904 3521 jusle
921 3435 957 3500 et
973 3427 1220 3502 rationabiliter
1243 3426 1415 3524 possidet;
1440 3429 1540 3522 eujus
1560 3427 1695 3500 tormini
1712 3450 1734 3504 a
1751 3429 1964 3504 Forsllelden

554 3573 617 3648 per
641 3551 805 3650 paludem
833 3573 945 3648 usque
970 3574 1074 3650 super
1096 3551 1244 3626 fluvium
1266 3553 1329 3650 qui
1345 3561 1399 3628 esl
1414 3553 1511 3650 apud
1526 3553 1737 3630 Kesselbach
1759 3553 1966 3629 extendun-

600 3927 725 3998 Delnm
740 3927 953 4022 Hagenawe,
975 3927 1052 4000 XIII
1067 3925 1233 4002 kalendas
1249 3927 1381 4026 aprilis,
1400 3925 1590 4003 indictione
1602 3929 1693 4022 XIV,
1713 3949 1807 4002 anuo
1824 3927 1963 4000 Domini

548 4049 755 4126 IICCIIXVI.

375 4577 498 4683 „mg
602 4571 806 4682 Hemious,
825 4573 1086 4659 Romanorum
1105 4599 1192 4683 rex,
1211 4576 1441 4663 monasterio
1466 4577 1508 4660 in
1528 4577 1776 4690 Weingurtun
1795 4575 1957 4691 privile-

374 4687 496 4733 armus
549 4704 658 4817 gium
675 4717 831 4792 renovet
851 4705 1001 4818 dejure
1020 4707 1258 4793 censualium
1284 4718 1322 4794 et
1347 4711 1397 4796 do
1417 4709 1618 4798 noualibus
1636 4711 1676 4794 in
1694 4711 1803 4826 sylae
1819 4712 1957 4799 Alter·
