4326 5910
548 613 609 675 rec
1068 615 1238 677 nsnnrer
1262 616 1429 677 seurrur
1765 615 1847 696 [nra
1866 619 1950 682 rme

600 749 780 822 Heinricus
794 749 857 823 Dei
874 749 982 845 gretie
999 749 1231 823 Romanorum
1249 771 1313 823 rex
1330 760 1365 822 et
1387 759 1714 846 semperuugustus.
1728 748 1785 826 Ad
1796 753 1950 826 notitiam

551 874 706 948 omnium
728 896 869 971 presens
894 875 1060 970 scriptum
1077 873 1284 948 intuentium
1302 875 1483 972 pervenire
1506 875 1669 948 volumus
1691 875 1805 971 quod,
1826 875 1952 952 dilecto

551 999 708 1096 principe
729 1007 845 1072 nostro
860 998 1019 1072 Heinrico
1036 998 1277 1072 Wormutiensi
1298 999 1459 1096 episcopo
1475 999 1688 1094 requirente,
1715 1021 1830 1072 corem
1852 1001 1952 1074 nobis

551 1123 588 1196 in
610 1123 778 1220 solempni
796 1123 892 1196 curia
914 1133 1028 1196 nostru
1053 1123 1277 1196 Frankenfurt
1294 1123 1536 1196 sententiatum
1555 1123 1721 1218 estquod
1740 1124 1952 1219 quicumque

550 1257 730 1343 argentum
756 1247 907 1321 uendere
930 1247 1094 1338 voluerit,
1118 1247 1164 1320 ed
1182 1257 1352 1321 monetem
1375 1247 1498 1322 dehent
1513 1248 1600 1320 ittud
1615 1257 1811 1344 presentare
1825 1270 1891 1321 uec
1907 1249 1952 1322 ed

551 1371 727 1444 nundinas
746 1392 810 1444 nee
827 1371 912 1443 elias
934 1369 1020 1442 iliud
1046 1379 1220 1465 presumat
1235 1371 1387 1462 deierre;
1406 1369 1470 1444 sed
1491 1371 1520 1443 ei
1541 1371 1577 1442 in
1598 1371 1873 1466 peregrinatione
1890 1371 1953 1443 uli·

551 1495 630 1590 quis
643 1493 813 1590 proficisci
827 1494 987 1583 voluerit,
1005 1473 1151 1567 liberum
1167 1493 1293 1568 habeut
1305 1494 1484 1568 arbitrium
1497 1515 1615 1567 secum
1627 1505 1794 1590 quantum
1806 1496 1953 1568 voluerit

552 1619 742 1692 deferendi.
763 1619 799 1690 Si
814 1641 897 1692 vero
915 1618 1041 1714 uliquis
1056 1627 1172 1692 contre
1184 1617 1274 1691 hunc
1286 1617 1488 1690 seutentiam
1502 1616 1647 1691 veniens
1662 1627 1843 1712 argentum
1854 1626 1952 1691 extre

551 1743 724 1818 civitatem
745 1741 879 1816 deterre
897 1743 1156 1840 presumpserit,
1181 1743 1441 1818 Wormetiensis
1462 1743 1644 1838 episcopus
1665 1749 1865 1838 potestatem
1883 1741 1954 1814 hu-

551 1867 648 1942 bebit
661 1867 849 1964 plenarium
866 1867 952 1942 iilud
966 1866 1143 1940 auferendi
1157 1875 1191 1940 et
1202 1867 1297 1940 nullo
1309 1867 1414 1940 modo
1430 1864 1646 1939 restituendi.

600 1993 711 2085 Hujus
737 1993 787 2066 rei
813 2001 917 2066 testes
940 2001 1021 2065 sunt
1047 1990 1211 2065 dominus
1235 1989 1446 2065 Coloniensis
1467 1989 1765 2086 archiepiscopus,
1792 1987 1954 2062 dominus

552 2117 763 2191 Trevirensis
791 2115 1090 2212 archiepiscopus,
1114 2116 1275 2189 dominus
1302 2114 1530 2210 Augustensis
1560 2115 1763 2211 episcopus,
1792 2111 1954 2186 dominus

553 2240 724 2337 Spirensis
747 2241 876 2313 eiectus
898 2239 970 2336 (t),
992 2239 1100 2312 ebbue
1128 2239 1324 2332 Fnldensis,
1346 2239 1456 2312 abbas
1478 2237 1750 2329 Hersieidensis,
1779 2237 1888 2310 obbas
1909 2236 1954 2309 do

553 2364 801 2458 wissenburg,
828 2363 904 2436 dux
926 2365 1090 2457 Beverie,
1112 2363 1336 2458 landgravius
1352 2363 1556 2458 thuringie,
1576 2361 1747 2436 comesdc
1760 2363 1901 2459 Dyztes,
1920 2369 1955 2434 et

554 2490 613 2564 etii
630 2489 851 2586 quamplures
866 2498 936 2561 tem
950 2489 1091 2561 comites
1104 2511 1208 2583 quern
1223 2487 1369 2560 nobiles.

600 2615 725 2688 Dotem
768 2613 1025 2688 anckeniurd
1070 2635 1131 2710 per
1179 2633 1321 2686 menum
1371 2609 1638 2708 prothonotarii,
1679 2629 1772 2684 euno
1816 2606 1954 2680 Domini

552 2739 747 2814 MCCXXIV
762 2739 829 2837 (2),
849 2738 1035 2814 indictione
1051 2739 1125 2831 xit,
1146 2734 1279 2835 [meuse
1292 2731 1410 2836 meiol.

361 3387 364 3394 ’
437 3422 477 3507 „⁰
505 3443 513 3468 .
604 3392 808 3498 Esuriens,
832 3391 1090 3475 Romanorum
1116 3413 1206 3492 rex,
1229 3411 1300 3495 pro
1316 3383 1435 3495 gretie
1456 3391 1494 3466 ct
1516 3381 1677 3491 acceptis
1690 3377 1848 3464 seruitiis
1871 3377 1953 3462 Ge—

551 3527 654 3610 rerdi
676 3525 823 3610 comitis
842 3522 1050 3626 Gelrensis,
1074 3521 1123 3603 de
1139 3520 1320 3602 mendoto
1342 3517 1577 3626 imperatoris
1594 3513 1712 3624 putris
1729 3513 1789 3596 sni
1809 3520 1846 3596 et
1863 3535 1954 3595 oon·

552 3657 636 3742 silio
652 3658 884 3768 principum,
905 3655 1124 3737 theloneum
1150 3651 1255 3762 quod
1277 3649 1357 3758 ipse
1374 3673 1500 3731 comes
1527 3656 1564 3729 ct
1580 3655 1688 3756 peter
1703 3644 1785 3756 ejus
1803 3643 1854 3726 eb
1871 3643 1953 3724 im-

551 3791 656 3903 perio
673 3791 774 3906 apud
793 3787 976 3871 Arnheim
993 3783 1171 3868 tenebunt
1188 3783 1226 3865 in
1245 3781 1357 3866 feodo
1374 3781 1425 3864 ed
1441 3779 1572 3864 villum
1587 3777 1724 3862 Lobith
1737 3774 1954 3884 Trejeoteu-

556 3925 608 4008 sis
621 3922 802 4010 dioecesis
813 3919 1118 4003 transferendum
1130 3914 1317 4026 indulget.

907 4123 1241 4136 *nunna—ntum
1646 4109 1947 4125 affl

590 4247 628 4321 (t)
648 4240 814 4302 «cunradus
834 4239 977 4314 episcopus
995 4237 1053 4295 eive
1072 4235 1247 4294 cancellarius
1259 4233 1294 4291 de
1305 4231 1526 4306 Scberphenberc
1546 4235 1667 4286 mortuus
1686 4232 1738 4286 eut.
1757 4225 1955 4284 istisuccessit

555 4344 732 4416 »Berngeuts
743 4339 777 4396 de
788 4337 934 4410 Eutringen
947 4349 1017 4392 enno
1027 4332 1132 4391 Domini
1145 4329 1324 4402 iitifflllss,
1341 4335 1417 4392 sexto
1426 4327 1553 4386 intendes
1564 4325 1708 4401 aprilisffl
1718 4323 1837 4398 mertia
1854 4321 1954 4382 ducet.

552 4439 683 4516 spicere,
696 4455 741 4513 ep.
755 4437 903 4506 bunum,
916 4433 1026 4504 Fontes,
1037 4437 1056 4488 t.
1069 4431 1107 4502 lt,
1117 4447 1147 4505 p.
1161 4431 1224 4487 458.
1267 4515 1268 4520 ¹

591 4545 627 4622 42)
645 4545 687 4602 te
700 4559 764 4601 unu.
780 4543 848 4600 teet
862 4541 999 4598 Schenuet
1011 4544 1040 4595 et
1051 4539 1129 4595 Portu
1141 4551 1171 4593 se
1184 4535 1311 4593 referunt.
1326 4532 1445 4592 Correxit
1457 4537 1545 4590 tumen
1556 4529 1719 4588 Boehmerue
1731 4544 1765 4586 ex
1779 4527 1848 4584 libro
1860 4524 1955 4600 copiuii

553 4640 745 4701 wormatiensi
766 4639 794 4695 in
805 4638 914 4696 archivo
927 4635 1078 4694 Dermeted.
1093 4635 1165 4692 circe
1184 4649 1247 4692 onu.
1264 4633 1333 4691 ttoo
1351 4631 1512 4704 conscripto,
1531 4628 1578 4687 ubi
1588 4627 1686 4704 legitur
1698 4625 1872 4698 uccxnv3
1884 4621 1955 4698 quod

551 4739 652 4816 optime
669 4737 783 4796 testibus
796 4735 841 4794 trie
854 4733 995 4794 nominetis
1007 4731 1143 4790 convenit.
