4324 5912
686 595 813 660 tanat
838 597 1186 660 coadunarentur.
1592 589 1652 652 9'll

245 806 356 884 1222

232 914 371 997 ’iffi
386 932 475 1010 Apud
486 931 605 994 Jobam.
622 961 664 976 -
682 929 791 992 Scribit
810 931 973 994 Gunaellno
996 933 1156 1009 imperialis
1169 931 1254 993 aulae
1271 928 1404 1008 dapifero
1423 941 1511 1006 super
1529 939 1654 986 2222222

660 1029 843 1107 corrigendo.
1452 1033 1524 1098 211,
1539 1029 1604 1084 not.
1621 1032 1650 1084 1.

242 1157 279 1210 22
289 1165 359 1210 nov.
388 1141 605 1220 sparlonem.
623 1176 664 1190 —
684 1145 793 1206 Scribit
811 1147 958 1206 universis
974 1147 1005 1206 in
1022 1147 1132 1208 ducatu
1149 1145 1259 1224 Spoleti
1276 1150 1306 1204 ct
1319 1141 1453 1204 ldarchia
1467 1141 1653 1202 anconitana

661 1261 749 1321 super
758 1247 937 1322 juramentis
950 1245 1130 1306 relaxandis.
1411 1313 1414 1320 Ι
1456 1245 1604 1320 274,221.
1622 1248 1650 1299 1.

231 1358 363 1421 decemb.
407 1357 588 1435 Syracusiae.
624 1391 665 1402 —
684 1359 733 1418 Ad
749 1361 920 1436 petitionem
938 1361 1056 1439 liogerii
1073 1360 1189 1422 abbatis
1204 1361 1374 1421 monasterii
1394 1357 1494 1420 Sancti
1512 1357 1655 1434 Stephani

662 1455 700 1516 do
712 1457 822 1532 Bosco,
837 1475 891 1534 pro
904 1475 939 1518 eo
953 1461 1033 1538 quod
1050 1459 1186 1519 homines
1204 1459 1344 1520 casalium
1359 1456 1524 1529 Mentabri,
1540 1455 1655 1532 Gaspa·

663 1555 759 1628 rlnae‚
775 1554 909 1616 Aruuchl
926 1561 956 1616 et
974 1557 1094 1618 Olvianl
1106 1575 1159 1635 per
1173 1555 1263 1617 121222
1277 1554 1410 1633 querelas
1423 1554 1536 1614 litteras
1555 1553 1655 1613 curiae

663 1657 766 1710 contra
778 1653 915 1712 eumdem
929 1653 1067 1714 abbatem
1079 1655 1322 1731 impetraverunt,
1334 1651 1405 1712 dum
1417 1667 1456 1710 ex
1467 1652 1655 1711 concessione

663 1747 782 1826 liugerii
808 1753 910 1829 magni
938 1754 1054 1812 comitis
1075 1753 1153 1812 servi
1174 1751 1308 1828 perpetui
1330 1749 1461 1826 ejusdem
1484 1748 1655 1808 monasterii

663 1849 835 1923 existerent,
843 1851 886 1909 els
897 1851 1002 1910 ultimo
1013 1851 1156 1927 suppilcio
1170 1850 1290 1910 remisso
1303 1863 1428 1926 poenam
1441 1847 1573 1926 quinque
1586 1846 1655 1907 mll-

664 1943 704 2005 lla
717 1951 886 2007 tarenorum
900 1949 965 2008 auri
978 1949 1118 2027 imponit,
1136 1947 1318 2026 mandatque
1330 1951 1366 2007 ut
1382 1945 1481 2007 nudae
1500 1951 1530 2006 et
1543 1945 1655 2023 primae

664 2047 799 2106 servituti
812 2047 995 2126 subjaceant.
1139 2103 1145 2118 ,
1595 2051 1652 2104 215

237 2161 373 2226 itidec.
460 2159 552 2239 Apud
625 2194 665 2208 -
684 2161 825 2224 Alberoul
846 2163 946 2224 abbati
960 2163 1192 2244 Nwenburgensi
1205 2163 1238 2224 iu
1251 2162 1364 2225 Alsatia
1380 2169 1410 2224 et
1427 2161 1570 2225 neumas
1589 2163 1655 2240 ejus

417 2241 584 2305 mistim·
665 2277 834 2338 processum
845 2264 934 2322 unius
946 2264 1032 2322 navis
1042 2264 1074 2322 ln
1086 2278 1209 2323 ascensu
1222 2268 1253 2322 et
1262 2261 1404 2322 descensu
1413 2261 1509 2323 Rheni
1518 2276 1587 2322 cum
1598 2261 1655 2321 lm·

665 2361 812 2420 munitate
826 2364 1039 2440 cujuscumque
1052 2363 1212 2423 exactionis
1226 2365 1256 2422 et
1267 2361 1396 2422 thelonei
1408 2360 1552 2422 concedit.
1594 2367 1654 2420 218

248 2476 363 2540 181122.
460 2475 550 2554 llpud
626 2509 667 2522 -
685 2477 900 2538 Mouasterlum
913 2476 1658 2556 122212212221221122112112312122222221222

417 2557 582 2620 ffllltloem·
666 2574 753 2636 bonis
766 2576 830 2651 ejas
845 2575 902 2636 sub
914 2591 969 2636 sua
987 2576 1109 2651 speciali
1124 2577 1303 2652 probatione
1317 2576 1434 2652 recipit,
1448 2577 1549 2636 omnia
1564 2575 1657 2652 privi-

665 2673 743 2752 legiu
756 2690 774 2733 a
787 2673 1058 2750 praedecessoribus
1071 2675 1132 2736 suls
1145 2679 1176 2734 et
1188 2689 1207 2734 2
1217 2689 1249 2734 se
1261 2675 1326 2750 ipso
1337 2674 1452 2734 indulta
1463 2672 1657 2748 conflrmans3

662 2771 807 2850 jubetque
836 2788 874 2832 ne
902 2774 1054 2834 occasione
1076 2772 1294 2832 constitutionis
1322 2771 1478 2848 Capuauae
1506 2771 1659 2832 delendis

667 2869 857 2942 revocandis,
876 2870 984 2948 aliquis
1005 2873 1217 2932 monasterium
1231 2870 1402 2948 perturbare
1419 2875 1586 2947 praesumat
1604 2886 1659 2930 nec

667 2970 864 3046 possessiones
882 2985 957 3044 quas
970 2969 1065 3030 eidem
1085 2971 1263 3030 2222222222
1277 2968 1442 3030 vendiderit
1455 2973 1508 3029 aut
1520 2967 1661 3029 obtulerit

668 3069 799 3128 revocari
816 3072 915 3146 petat,
934 3069 993 3130 niel
1017 3066 1197 3130 restituendo
1218 3069 1345 3144 pretium
1366 3081 1435 3127 cum
1458 3065 1660 3127 melioratione

667 3162 887 3226 beneficiorum.
1601 3173 1659 3225 282

246 3277 375 3340 decemb
459 3280 550 3358 Apud
630 3309 669 3324 -
688 3278 798 3340 Domui
820 3279 945 3341 Sanctae
962 3277 1073 3341 Mariae
1090 3280 1340 3342 Theutonioorum
1360 3295 1539 3358 praecavens
1557 3283 1661 3342 statuit

422 3363 588 3424 Primam·
669 3381 705 3438 ut
716 3376 801 3448 nulli,
811 3383 968 3455 postquam
981 3380 1074 3456 ipsius
1083 3379 1189 3439 domus
1197 3379 1594 3456 religionemassumpserint‚
1606 3395 1658 3440 su·

669 3492 721 3553 per
745 3475 851 3536 debitis
869 3491 946 3552 quae
965 3483 1034 3538 auto
1053 3484 1221 3554 susceptum
1240 3476 1374 3538 habitum
1394 3479 1596 3537 contraxerint
1613 3492 1660 3536 re-

669 3577 837 3650 quirantur,
850 3574 902 3635 sed
918 3576 960 3635 llll
973 3581 1130 3636 teneantur
1142 3576 1181 3637 ad
1195 3591 1325 3654 quorum
1337 3574 1502 3636 dominium
1515 3574 1662 3636 bonorum

670 3674 816 3733 222222212
829 3674 961 3733 noscitur
974 3673 1125 3734 devoluta.
1603 3681 1661 3734 282

254 3777 292 3830 22
301 3769 366 3832 dec.
463 3770 552 3849 Apud
631 3807 671 3822 -
690 3779 823 3838 Honorio
836 3795 931 3856 papae
944 3778 1047 3840 scribit
1060 3797 1092 3840 se
1105 3779 1143 3840 ab
1155 3779 1324 3840 Hermanno
1338 3777 1589 3840 Theutonioorum
1601 3795 1664 3840 ma-

416 3854 603 3916 Pfffihmm·
671 3879 763 3955 gistro
777 3877 815 3936 ad
829 3893 862 3937 22
874 3876 1015 3937 redeunte
1027 3879 1174 3955 accepisse
1187 3877 1267 3955 quod
1280 3878 1311 3937 ln
1329 3878 1411 3937 curia
1429 3876 1564 3938 Romana
1581 3895 1662 3939 assc-

672 3981 755 4036 ratur
770 3976 882 4036 btteras
900 3991 952 4052 per
964 3974 1132 4036 Roiiridum
1152 3975 1365 4037 subdiaconum
1385 3977 1532 4037 noudum
1548 3983 1665 4054 aposto-

671 4075 763 4134 licum
776 4090 869 4151 nuper
884 4076 1072 4136 transmissas
1085 4091 1172 4152 super
1183 4077 1302 4154 negotio
1315 4074 1441 4135 ducatus
1454 4080 1484 4134 21
1498 4075 1663 4151 1122212122,

673 4187 737 4231 ase
754 4171 844 4232 luisse
865 4177 1024 4233 revocatas.
1042 4172 1129 4233 Unde
1141 4173 1267 4233 miratur
1283 4172 1364 4250 quod
1379 4188 1455 4249 papa
1475 4172 1588 4250 aliquid
1605 4173 1665 4234 du·

671 4269 811 4346 pllcltatls
824 4271 857 4329 in
871 4285 902 4330 so
915 4271 1057 4347 suspicari
1066 4271 1204 4347 potuerit,
1215 4285 1284 4330 cum
1295 4269 1396 4331 dehac
1405 4286 1437 4330 re
1446 4285 1485 4330 no
1493 4271 1666 4348 cogitaverit

673 4366 806 4444 quidem.
817 4367 1003 4428 Praedictum
1013 4373 1112 4428 autem
1122 4370 1298 4446 magianum
1307 4373 1412 4428 etcum
1424 4365 1665 4430 eoGunzellnum

672 4464 840 4540 dapiferum
862 4466 900 4526 ad
921 4467 1034 4526 curiam
1059 4466 1224 4527 Romanam
1250 4467 1347 4526 denuo
1368 4467 1461 4527 mittit
1482 4472 1518 4527 ut
1535 4468 1590 4528 iste
1612 4485 1666 4546 per

669 4563 873 4638 iuramentum
897 4562 987 4624 iidem
1007 4563 1098 4625 122121
1117 4565 1197 4642 quod
1218 4566 1261 4626 ull
1278 4565 1338 4625 tale
1357 4563 1446 4624 luerit
1467 4570 1663 4640 attentatum,

672 4673 780 4736 rogans
797 4676 905 4736 papam
927 4661 1007 4739 quod
1020 4665 1100 4722 omni
1114 4665 1156 4723 stc
1169 4667 1268 4723 amoto
1281 4677 1403 4723 rancore
1415 4666 1571 4740 paternum
1584 4680 1666 4724 amo-

671 4771 734 4816 rem
749 4755 805 4817 sibl
817 4760 959 4820 22211222
971 4759 1091 4821 tribum.
1604 4769 1662 4823 288
