4330 5914
219 601 318 663 lunser.
338 601 399 680 ll.]
677 590 874 656 HISTORIA
897 590 1191 657 nlrtottrtrtclt
1577 593 1638 656 ⁸153

220 735 260 817 in
292 733 467 818 futurum
497 739 625 814 ratum
651 727 769 812 habet
798 727 987 838 quidquid
1013 726 1108 838 regii
1130 727 1395 812 ministeriales
1421 737 1460 812 et
1480 753 1637 812 meroa-

219 879 322 954 tores
343 866 467 952 eidem
484 862 687 950 conventui
708 860 951 946 contulerint.

303 1083 421 1164 (lusdtt.
436 1097 475 1144 ex
488 1079 627 1160 originali
639 1081 671 1140 tu
684 1077 805 1140 ucblro
817 1076 987 1156 stuttgart,
1003 1076 1091 1140 uobts
1110 1093 1129 1139 a
1148 1077 1291 1140 Kauslero
1310 1079 1640 1159 communimustgtt-

342 1190 405 1252 lum
418 1187 583 1261 lutereldlt,
598 1185 818 1248 remanentibus
838 1191 956 1246 tantum
979 1185 1093 1248 laetulls
1114 1185 1232 1248 illorum
1256 1187 1416 1250 sertoomm
1438 1185 1638 1262 rubrl,t1avl,

341 1295 503 1374 vlndbquo
520 1291 650 1370 oolorls.)

271 1484 310 1558 lu
337 1482 479 1556 nomine
501 1491 619 1556 sancte
639 1491 674 1556 et
700 1480 884 1558 individue
908 1481 1094 1556 Trinitatis.
1121 1484 1165 1554 Η.
1191 1482 1253 1556 Dei
1276 1483 1387 1575 gratia
1408 1483 1636 1559 Romanorum

221 1630 288 1682 rex
310 1617 346 1682 at
368 1629 504 1705 semper
524 1615 714 1702 augustus,
737 1607 909 1681 universis
933 1617 1126 1704 presentem
1147 1608 1310 1705 paginam
1333 1608 1538 1704 inspecturis
1554 1631 1638 1705 gra·

223 1735 307 1808 tiam
323 1755 425 1807 suam
438 1741 474 1807 et
484 1752 588 1806 omne
604 1731 749 1805 bouum.
767 1731 803 1805 Si
817 1732 896 1825 jura
913 1731 1137 1806 eeclesiarum
1160 1729 1208 1807 ad
1225 1732 1357 1804 bonum
1374 1753 1493 1806 earum
1510 1741 1638 1808 statum

223 1859 322 1932 utilia
345 1856 549 1932 confirmare
568 1856 789 1950 studeamus,
809 1856 847 1931 id
865 1856 965 1932 nobis
981 1855 1028 1930 ad
1054 1866 1172 1932 aterne
1197 1857 1270 1930 vite
1292 1857 1451 1930 meritum
1475 1857 1640 1954 prolicere

223 1984 411 2060 credimus.
429 1985 555 2058 Notum
574 1983 683 2078 igitur
703 1982 749 2056 sit
768 1982 931 2056 omuibus
952 1981 1075 2056 Christi
1097 1990 1133 2056 et
1151 1981 1286 2080 imperii
1304 1981 1467 2058 fidelibus
1484 1991 1554 2056 tem
1576 1983 1640 2056 fu-

223 2111 312 2186 turis
327 2133 433 2208 mam
456 2109 674 2208 presentibus
691 2107 789 2206 quod
808 2109 1053 2184 monasterium
1075 2109 1218 2182 fratrum
1235 2108 1271 2182 in
1286 2109 1372 2184 Rota
1389 2131 1410 2184 a
1426 2131 1491 2184 sue
1508 2109 1640 2184 lunda·

223 2237 327 2312 tionis
343 2236 516 2335 principio
537 2235 597 2310 tali
611 2235 702 2330 juris
716 2235 850 2310 honora
866 2234 931 2308 tuit
946 2235 1142 2308 institutum
1160 2243 1194 2308 et
1209 2233 1356 2310 ditatum
1372 2235 1469 2330 quod
1487 2235 1523 2308 iu
1539 2235 1640 2308 bonis

223 2361 336 2436 eidem
360 2359 568 2434 monasterio
586 2359 837 2456 pertinentibus
860 2359 977 2433 nullus
1000 2380 1157 2454 unquam
1180 2358 1360 2433 hominum
1384 2357 1566 2434 advocatio
1581 2359 1641 2453 jus

223 2485 292 2560 sibi
307 2485 435 2562 debeat
451 2506 632 2582 usurpare,
653 2483 716 2558 sed
736 2483 860 2560 eadem
874 2483 1019 2559 ecclesia
1037 2485 1170 2580 absque
1186 2481 1386 2576 hujusmodi
1400 2483 1555 2559 dominio
1573 2485 1640 2558 sub

224 2611 394 2708 imperiali
407 2611 551 2684 tuitione
564 2629 685 2683 secura
698 2610 894 2684 consistere.
905 2610 982 2696 Quo
994 2610 1127 2703 justitia
1141 2609 1306 2704 quoniam
1317 2631 1338 2682 a
1350 2607 1475 2682 diebus
1488 2610 1641 2706 antiquis

224 2735 271 2810 ad
288 2745 405 2811 nostra
421 2756 534 2830 usque
550 2742 704 2831 tempora
722 2734 912 2809 dinoscitur
926 2734 1176 2809 rationabiliter
1191 2733 1342 2808 deducta
1358 2743 1394 2807 et
1413 2749 1475 2830 per
1490 2736 1642 2809 auctori·

224 2871 328 2937 tatem
346 2882 561 2936 summorum
583 2857 787 2958 pontificum
813 2869 849 2934 et
870 2860 1033 2935 divorum
1048 2867 1276 2954 augustorum
1296 2859 1357 2954 qui
1379 2881 1443 2932 nos
1465 2881 1640 2955 precesse-

223 2996 306 3060 runt
330 2986 548 3078 coufirmato;
576 3005 640 3058 nos
668 3006 810 3081 quoque
840 3007 901 3082 per
929 2995 1044 3059 nostre
1066 2983 1162 3079 regie
1191 2981 1370 3078 dignitatis
1399 2983 1640 3058 authoritatem

224 3110 356 3206 prelato
377 3109 585 3183 monastario
603 3108 847 3182 confirmamus
867 3118 903 3184 et
922 3110 1130 3198 stabilimus,
1149 3107 1377 3205 precipientes
1399 3116 1434 3180 et
1453 3117 1640 3182 statuentes

224 3243 397 3330 quatenus
423 3255 530 3331 super
549 3233 661 3331 ipsam
680 3233 822 3308 domum
845 3255 916 3332 que
940 3236 1068 3311 dicitur
1086 3236 1172 3310 Rota
1197 3235 1254 3308 vel
1274 3255 1380 3330 super
1402 3217 1564 3308 ecclesias
1580 3245 1641 3307 aut

223 3359 326 3434 villas
346 3367 407 3434 aut
424 3367 539 3432 curtes
553 3368 614 3432 aut
629 3358 788 3434 homiues
809 3381 870 3434 seu
888 3383 1118 3458 quascunque
1138 3359 1283 3434 ecclesie
1301 3357 1394 3432 illius
1407 3359 1641 3456 possessiones

225 3493 286 3559 aut
300 3484 538 3584 pertinentias,
558 3505 660 3558 nomo
679 3509 834 3583 uuquam
852 3487 912 3581 jus
931 3486 1113 3562 advocatie
1129 3493 1257 3578 teneat,
1273 3485 1337 3560 sed
1358 3484 1481 3559 eadem
1497 3485 1642 3560 ecclesia

225 3631 305 3684 oum
328 3611 491 3686 omnibus
515 3611 590 3684 suis
610 3612 826 3709 pertiuentiis
848 3612 895 3686 ab
912 3611 1091 3734 advpoatis
1112 3610 1158 3683 sit
1177 3609 1303 3700 libera,
1326 3609 1393 3682 sub
1412 3609 1508 3704 regie
1523 3608 1642 3685 deien-

225 3735 332 3810 sionis
349 3737 540 3834 patrocinio
559 3737 677 3833 quieta
694 3746 730 3811 et
745 3738 949 3812 inconeussa
971 3737 1065 3812 omni
1082 3757 1150 3812 evo
1175 3733 1339 3832 deinceps
1359 3735 1587 3834 permaneat(
1611 3734 1638 3834 ).

225 3861 444 3960 meumque
464 3864 572 3960 igitur
597 3873 818 3939 memoratam
838 3865 1033 3956 ecclesiam,
1058 3874 1125 3939 ete.
1153 3860 1332 3964 [Sequetur
1351 3873 1391 3934 ut
1416 3864 1454 3936 in
1473 3865 1642 3960 prior'lcprb

226 3989 392 4062 Fridcrs'ci
406 3989 561 4079 semodi,
586 3991 657 4063 dot.
682 3989 794 4064 ulmae
811 3993 851 4069 et
877 3993 974 4087 junii
991 3993 1099 4084 teto,
1117 4013 1223 4086 utque
1238 3991 1285 4064 ad
1302 3985 1579 4087 confirmamus}
1599 3989 1643 4062 Ut

225 4112 332 4209 igitur
363 4113 432 4190 hoo
461 4124 576 4188 nostre
602 4115 791 4210 majestatis
818 4115 972 4191 edietum
998 4125 1112 4191 ratum
1139 4126 1175 4190 et
1202 4116 1445 4190 inconvulsum
1475 4115 1512 4186 in
1539 4135 1642 4188 omne

226 4259 330 4312 evum
348 4249 583 4336 conservetur,
607 4262 751 4338 presens
768 4242 990 4340 privilegium
1011 4241 1095 4316 iude
1117 4242 1261 4317 fecimus
1277 4239 1450 4315 conscribi
1472 4249 1507 4314 et
1528 4239 1641 4336 sigillo

227 4372 344 4439 nostro
375 4367 602 4461 communiri,
636 4374 740 4441 testes
774 4391 916 4466 quoqne
949 4368 1127 4458 annotari,
1163 4387 1311 4463 quorum
1346 4365 1487 4440 uomina
1523 4373 1642 4461 supter

226 4489 353 4588 scripta
369 4499 476 4565 sunt:

264 4745 303 4824 (t)
321 4749 382 4808 ilua
398 4765 486 4827 usque
502 4752 679 4812 tmnsumitur
696 4769 729 4813 ex
739 4752 879 4830 privilegio
891 4750 1230 4830 imperatorisFridericil,
1241 4749 1305 4810 dato
1315 4748 1475 4825 bijeuuarii
1490 4751 1570 4807 trra.

327 4849 368 4912 Ii.
390 4865 447 4910 Pars
457 4869 481 4914 ².
1468 4857 1505 4910 95
