4466 5914
281 607 380 670 lanum.
398 605 461 684 rt]
729 596 929 662 HISTORIA
951 591 1243 658 otrlouttrlcn.
1637 585 1699 650 629

330 743 476 838 Signum
501 737 634 814 domini
651 736 817 814 Friderici
841 733 985 809 secundi
1006 733 1069 806 Dei
1095 730 1205 826 gratia
1227 725 1445 802 invictissimi
1467 726 1699 800 llomanorunr

283 867 511 964 imperatoris,
528 883 664 960 semper
677 863 831 958 augusti,
850 860 1039 934 Jerusalem
1057 865 1092 930 et
1105 855 1220 929 Sicilie
1236 853 1340 948 regis.
1355 850 1650 949 (Monopromma.)

332 992 418 1066 Acta
450 998 532 1063 sunt
558 989 624 1061 hec
651 1009 742 1061 anno
774 986 947 1060 dominice
978 981 1223 1056 incarnationis
1253 977 1436 1051 millesimo
1462 977 1699 1050 ducentesimo

284 1117 449 1190 vicesimo
475 1125 594 1205 sexto,
613 1133 733 1185 mense
752 1111 862 1205 junii,
883 1118 1006 1206 quarte
1026 1105 1160 1180 decime
1184 1103 1399 1194 indictionis,
1422 1103 1613 1199 imperante
1633 1101 1699 1177 do-

284 1243 380 1315 mino
400 1248 518 1314 nostro
535 1237 709 1311 Friderino
728 1234 899 1327 secundo,
917 1234 981 1308 Dei
1000 1232 1109 1326 gratia
1135 1229 1361 1304 invictissimo
1382 1229 1613 1302 Romanorum
1630 1227 1701 1300 im-

285 1377 455 1463 peratore,
470 1385 606 1460 semper
621 1371 783 1456 angusto,
801 1359 992 1434 Jerusalem
1006 1368 1039 1432 et
1053 1356 1170 1430 Sicilie
1182 1347 1278 1450 rege,
1299 1375 1390 1428 anno
1407 1355 1549 1428 Romani
1564 1352 1701 1450 imperii

285 1491 361 1584 ejns
379 1499 498 1580 sexto,
518 1487 616 1583 regni
639 1487 828 1562 Jerusalem
846 1483 976 1582 primo,
994 1491 1030 1556 et
1048 1481 1147 1577 regni
1172 1480 1289 1554 Sicilie
1307 1479 1473 1586 vicesimo
1494 1499 1603 1572 nono,
1623 1475 1700 1552 teti·

286 1617 382 1688 citer.
403 1613 528 1688 Amen.
1648 1623 1653 1632 ·
1794 1701 1796 1708 Ι

335 1743 461 1814 Datum
475 1737 572 1836 apud
586 1737 742 1832 Burgum
759 1735 876 1810 Sancti
895 1732 1075 1824 Domnini,
1091 1751 1201 1822 anno,
1219 1751 1338 1808 mense
1356 1739 1391 1804 st
1408 1729 1597 1804 indictione
1617 1749 1701 1825 pre-

287 1864 438 1960 scriptis.

339 2387 572 2495 l'riderious,
601 2386 862 2470 Romanorum
888 2383 1109 2494 imperator,
1130 2382 1180 2466 ed
1200 2381 1485 2492 requisitionem
1509 2381 1701 2468 Godefridi
1732 2390 1896 2488 ‘eggfpffi

290 2521 571 2606 Cameracensis
588 2519 772 2630 episcopi,
792 2517 1074 2627 exceptionibus
1101 2515 1241 2598 civium
1267 2515 1594 2602 Cameracensium
1622 2519 1701 2603 lni-
1758 2499 1869 2610 oppon.

287 2654 384 2738 volis
409 2655 592 2765 reputatis
623 2663 660 2736 et
690 2651 896 2762 privilegiis
924 2676 1057 2734 eorum
1083 2649 1234 2760 penitus
1260 2649 1435 2756 irritatis,
1459 2660 1559 2733 vetet
1580 2679 1629 2735 ne
1652 2656 1702 2737 ad

290 2812 428 2871 sonum
450 2812 657 2896 campanae
679 2783 905 2868 conveniant
921 2783 981 2868 vel
998 2783 1153 2866 nomine
1171 2783 1412 2866 communiae
1430 2793 1496 2866 aut
1506 2784 1617 2895 pacis
1630 2785 1701 2896 ju-

288 2919 767 3006 risdictionemexeroeant.

370 3165 465 3240 (Edit.
488 3182 537 3243 ep.
557 3163 691 3224 mamaea
707 3179 787 3243 pout·
808 3159 856 3224 Μ.
880 3157 1074 3242 larcdeolqcc
1092 3157 1128 3220 dc
1151 3157 1295 3240 Combrcy
1321 3159 1437 3240 (Paris,
1465 3169 1557 3237 tlte,
1581 3162 1698 3244 ln-t⁶)‚

408 3273 505 3350 precer
516 3269 736 3352 lucrifiendum,
751 3279 785 3332 n·
799 3269 887 3346 XXI,
906 3286 945 3331 cx
964 3275 1082 3349 nntogn
1103 3269 1135 3329 ln
1154 3269 1236 3331 arch.
1255 3269 1329 3332 cccl.
1350 3267 1517 3343 Gamerae„
1528 3271 1609 3332 unde
1627 3277 1700 3334 tunc

407 3378 554 3456 pmdabnt
566 3395 655 3440 aurea
666 3376 773 3453 buda.)

339 3597 378 3670 ln
394 3597 535 3672 nomine
557 3607 674 3672 sancte
694 3606 730 3671 et
751 3595 936 3670 individue
956 3595 1143 3670 Trinitatis.
1168 3595 1364 3670 Fridericus
1385 3597 1561 3672 secundus
1581 3595 1701 3673 divina

289 3722 428 3797 invente
444 3723 625 3798 clementia
638 3725 871 3796 Romanorum
889 3721 1087 3817 imperator,
1107 3741 1244 3817 semper
1260 3729 1445 3815 augustos,
1461 3723 1650 3797 Jerusalem
1667 3735 1702 3798 et

290 3847 405 3921 Sicilie
419 3869 497 3922 rex.
516 3848 602 3922 Cum
619 3847 873 3944 imperatoriam
888 3845 1010 3920 deceat
1025 3848 1237 3940 majestatem
1252 3846 1374 3920 merita
1387 3867 1530 3920 suornm
1544 3847 1701 3922 lidelinm

290 3970 473 4066 diligenter
500 3973 678 4048 attendere
698 3981 734 4046 et
756 3971 990 4063 subjectorum
1014 3971 1303 4066 postulationibus
1322 3971 1426 4066 justis
1446 3973 1584 4066 adesse,
1604 3983 1699 4050 tanto

290 4097 412 4192 pocius
432 4096 479 4172 ad
495 4106 729 4172 sacrosanctas
743 4095 907 4172 ecclesias
923 4097 1042 4170 oculos
1057 4105 1194 4170 tenetur
1205 4097 1372 4172 reducere
1388 4099 1544 4195 pietatis,
1570 4107 1700 4193 quanto

291 4219 363 4312 regi
379 4241 502 4314 regum
517 4221 654 4316 gracim
668 4219 797 4295 residet
817 4241 896 4294 cum
914 4229 949 4294 et
962 4241 1026 4294 sne
1040 4221 1178 4317 pietatis
1201 4222 1364 4318 operibns
1379 4231 1496 4297 noster
1515 4221 1702 4300 adhibetur

291 4363 464 4418 assensus.
497 4346 713 4442 Quapropter
743 4353 864 4418 notum
893 4343 966 4418 lieri
994 4345 1158 4420 volumus
1184 4346 1357 4420 universis
1387 4344 1548 4422 fidelibus
1576 4351 1701 4424 nostris

291 4474 361 4542 tam
377 4469 594 4564 presentibus
609 4491 716 4566 quam
735 4469 861 4542 lntnris
874 4469 971 4564 qnod
988 4471 1158 4546 accedens
1174 4472 1221 4546 ad
1234 4471 1439 4567 presentiam
1457 4483 1608 4548 nostram
1625 4474 1701 4548 Go-

293 4590 448 4668 delridns
465 4593 676 4668 venerahilis
693 4593 946 4668 Cameracensis
967 4595 1170 4692 episcopus,
1193 4595 1339 4670 dilectus
1359 4595 1520 4692 princeps
1537 4607 1573 4670 ct
1587 4595 1701 4673 fidelis

290 4726 418 4812 noster,
441 4719 543 4793 nobis
561 4719 725 4816 exposuit
742 4719 890 4814 qualiter
907 4719 996 4794 inter
1015 4720 1130 4817 ipsum
1146 4741 1194 4794 ex
1210 4743 1280 4795 una
1298 4729 1396 4819 parte
1413 4731 1448 4795 et
1466 4721 1562 4796 cives
1582 4722 1701 4798 Came·
