4330 5914
570 607 629 668 'tta
1091 605 1265 666 ttettmct
1289 605 1459 668 saltitat
1800 607 1877 686 [risa.
1895 605 1971 668 titt.

569 739 772 835 Bndingan,
793 741 980 816 Wamerns
999 737 1044 814 de
1060 741 1202 831 Boiam,
1225 741 1399 818 Gerendus
1413 741 1460 816 de
1473 740 1642 834 Simoeis,
1660 739 1843 816 Heinricns
1860 742 1972 816 deiic-

570 865 727 942 denbnrc
742 875 778 939 et
794 865 853 940 alii
869 867 1109 962 quamplures.

618 992 764 1087 Signum
777 991 912 1066 domini
927 991 1065 1066 Henrici
1081 991 1220 1088 septimi
1235 991 1467 1066 Romanorum
1481 993 1573 1088 regis
1590 991 1823 1066 invictissimi.

618 1116 692 1211 Ego
715 1117 895 1190 Conradns
919 1117 1091 1214 Spirensis
1113 1125 1150 1190 et
1175 1117 1337 1192 Metanoia
1361 1119 1563 1215 episeopus,
1585 1119 1665 1193 vice
1688 1119 1822 1192 domini
1846 1119 1970 1210 Sittidi,
2122 1198 2123 1238 Ν

568 1242 842 1338 Magantinensia
866 1242 959 1318 sedis
987 1243 1235 1342 archiepiscopi
1264 1255 1301 1318 et
1333 1244 1438 1320 totins
1465 1244 1647 1319 Germania
1675 1243 1972 1334 archicancellarii,

570 1383 768 1458 recognovi.

573 1541 577 1556 .
620 1487 707 1562 dcta
724 1497 806 1562 snnt
820 1483 887 1562 hac
900 1509 993 1564 anno
1007 1487 1181 1564 dominice
1197 1491 1443 1566 incarnationis
1460 1492 1508 1566 tt.
1526 1491 1589 1565 CC.
1607 1491 1714 1584 XXII,
1737 1489 1920 1566 indictione
1933 1494 1972 1578 X,

569 1623 737 1708 regnante
759 1611 902 1687 domino
922 1613 1070 1688 ilenrico
1088 1615 1236 1711 septimo
1262 1615 1494 1688 Romanorum
1521 1633 1604 1709 rege
1627 1613 1871 1708 invictissimo,
1893 1637 1974 1688 anno

573 1739 673 1836 regni
686 1747 722 1812 et
740 1739 1006 1813 consecrationis
1023 1731 1098 1832 ejas
1112 1738 1322 1834 aquisgrani
1340 1739 1464 1835 primo.

570 1897 573 1922 ε
618 1866 744 1938 Datum
761 1863 991 1960 Aquisgrani‚
1012 1865 1042 1938 V
1060 1863 1141 1940 idus
1155 1864 1252 1954 maii,
1273 1863 1428 1938 feliciter.
1450 1863 1575 1938 Amen.

821 2165 1074 2178 ——n--n—--a—
1083 2167 1742 2180 ψει-Ἣ

413 2543 437 2583 u
449 2553 471 2584 m
482 2498 531 2582 a,
626 2462 833 2570 demicus,
854 2461 1115 2547 Romanorum
1133 2489 1219 2570 rex,
1238 2462 1401 2546 Henrico
1418 2461 1616 2546 Leodiensi
1634 2462 1812 2570 episcopo
1829 2469 1866 2544 et
1881 2481 1978 2568 prae·

575 2598 716 2708 posito,
726 2597 870 2680 decano
884 2605 921 2680 et
934 2589 1101 2707 capitulo
1118 2596 1275 2708 majonis
1288 2597 1468 2680 ecclesiae
1484 2595 1526 2677 in
1540 2595 1679 2680 Leodio
1695 2595 1828 2680 scribit
1845 2620 1884 2676 se
1898 2618 1979 2676 oon-

575 2731 729 2816 finmare
754 2731 1000 2816 donationem
1027 2731 1077 2815 ab
1104 2757 1176 2816 ato
1202 2743 1241 2814 et
1268 2741 1375 2840 patre
1402 2755 1473 2814 suo
1503 2755 1620 2840 super
1645 2729 1758 2813 bonis
1786 2731 1826 2812 in
1853 2728 1978 2811 Freren

575 2866 699 2949 eidem
712 2865 891 2948 ecclcsiae
903 2865 1063 2969 iactam,
1080 2865 1135 2948 eis
1149 2866 1390 2949 committens
1406 2863 1472 2974 jus
1494 2863 1589 2946 alios
1613 2863 1828 2947 sacerdotes
1841 2858 1978 2946 locandi

576 3009 614 3084 et
629 3001 870 3112 quaestiones
887 2999 1105 3106 decidendi,
1129 3010 1338 3109 notansque
1351 3025 1401 3082 ne
1420 2999 1500 3081 dux
1517 2997 1786 3110 Letharingiae
1803 2995 1979 3108 poedictae

575 3134 688 3219 villae
701 3144 739 3218 et
753 3133 973 3218 hominibus
986 3132 1069 3243 ejus
1084 3121 1124 3216 se
1142 3131 1222 3217 ullo
1240 3133 1357 3217 modo
1373 3133 1614 3217 intromittat.

660 3377 782 3460 (lnedtt.
793 3393 831 3439 ex
843 3377 980 3456 nomano
993 3377 1042 3438 cut
1054 3375 1160 3436 titulos
1174 3391 1182 3436 ε
1198 3373 1356 3456 Frisium
1367 3373 1472 3456 dmm,
1487 3375 1524 3450 B,
1542 3375 1624 3438 anch.
1643 3375 1717 3456 arg.
1732 3367 1980 3438 emanatas

696 3491 831 3566 comptor,
842 3485 918 3564 fleg.
932 3485 958 3560 1,
970 3483 1023 3546 tot.
1039 3480 1295 3564 amovere.)
1425 3493 1427 3496 ·

626 3697 795 3772 Henrious
812 3697 875 3772 Dei
893 3695 1004 3792 gratia
1018 3697 1249 3772 Romanorum
1267 3719 1331 3772 rex
1348 3707 1383 3772 et
1397 3719 1534 3795 semper
1550 3705 1738 3794 angustus,
1758 3695 1884 3775 dilecto
1899 3714 1980 3768 oon-

578 3824 769 3922 sanguineo
793 3845 857 3900 suo
884 3823 1033 3896 Henrioo
1056 3823 1239 3898 [eodiensi
1266 3823 1448 3922 episcopo,
1474 3825 1507 3898 1.
1534 3823 1727 3922 preposito,
1749 3822 1815 3894 Th.
1839 3821 1978 3904 decano,

577 3951 821 4032 archidiacono
846 3949 977 4046 totique
1000 3950 1152 4048 capitolo
1168 3951 1308 4044 majoris
1329 3949 1473 4024 ecclesie
1486 3949 1664 4024 iniectio
1681 3947 1826 4042 gretiam
1841 3965 1936 4020 suam
1951 3949 1982 4012 et

577 4077 846 4154 omnebonum.
866 4075 962 4149 Scine
988 4074 1122 4150 debetis
1144 4074 1241 4172 quod
1264 4074 1486 4150 donationem
1507 4097 1615 4172 qnam
1636 4073 1878 4150 serenissimos
1900 4085 1982 4142 avos

579 4211 694 4276 noster
708 4199 876 4274 Henricus
891 4208 928 4272 et
944 4207 1170 4296 paternoster
1185 4201 1222 4273 F.
1237 4201 1468 4276 Romanorum
1482 4200 1705 4298 imperatores
1720 4199 1875 4272 iecerunt
1886 4211 1982 4288 super

447 4325 455 4342 '
576 4327 679 4402 bonis
697 4326 733 4398 in
747 4323 995 4423 Vreren(i)ad
1013 4348 1101 4423 opus
1114 4325 1265 4399 duorum
1282 4325 1514 4420 sacerdotnm,
1534 4325 1597 4421 qni
1610 4345 1674 4422 pro
1687 4345 1752 4400 sua
1769 4333 1805 4399 et
1821 4327 1931 4398 nostra
1944 4335 1981 4390 at

577 4451 835 4550 progenitorum
851 4459 1047 4526 nostrornm
1067 4452 1179 4526 salute
1192 4451 1229 4524 in
1244 4449 1390 4525 ecclesia
1404 4451 1521 4526 Sancti
1537 4449 1710 4524 lamberti
1731 4448 1828 4525 omni
1844 4445 1902 4522 die
1925 4461 1981 4515 ce-

612 4759 649 4834 (⁴)
666 4758 882 4819 ScilicotFrerett
894 4773 944 4818 seu
958 4757 1067 4834 freres,
1081 4760 1151 4820 inter
1161 4759 1290 4820 leodium
1303 4763 1333 4820 et
1342 4759 1495 4836 trejectum
1506 4757 1660 4820 edideram.
