<?xml version="1.0" encoding="UTF-8"?>
<!DOCTYPE html PUBLIC "-//W3C//DTD XHTML 1.0 Transitional//EN"
    "http://www.w3.org/TR/xhtml1/DTD/xhtml1-transitional.dtd">
<html xmlns="http://www.w3.org/1999/xhtml" xml:lang="en" lang="en">
 <head>
  <title>
</title>
<meta http-equiv="Content-Type" content="text/html;charset=utf-8" />
  <meta name='ocr-system' content='tesseract 3.04.00' />
  <meta name='ocr-capabilities' content='ocr_page ocr_carea ocr_par ocr_line ocrx_word'/>
</head>
<body>
  <div class='ocr_page' id='page_1' title='image "./historiadiploma04fredgoog_0078.png"; bbox 0 0 4466 5914; ppageno 0'>
   <div class='ocr_carea' id='block_1_1' title="bbox 262 593 1668 677">
    <p class='ocr_par' dir='ltr' id='par_1_1' title="bbox 262 593 1668 677">
     <span class='ocr_line' id='line_1_1' title="bbox 262 593 1668 677; baseline -0.001 -15"><span class='ocrx_word' id='word_1_1' title='bbox 262 601 360 662; x_wconf 73' lang='lat' dir='ltr'><strong>imru.</strong></span> <span class='ocrx_word' id='word_1_2' title='bbox 378 597 439 677; x_wconf 76' lang='lat' dir='ltr'><strong>lt]</strong></span> <span class='ocrx_word' id='word_1_3' title='bbox 708 593 906 655; x_wconf 77' lang='lat' dir='ltr'><strong>atstoata</strong></span> <span class='ocrx_word' id='word_1_4' title='bbox 930 593 1220 656; x_wconf 77' lang='lat' dir='ltr'><strong>ntrtottartca</strong></span> <span class='ocrx_word' id='word_1_5' title='bbox 1607 599 1668 660; x_wconf 82' lang='lat'><strong>665</strong></span> 
     </span>
    </p>
   </div>
   <div class='ocr_carea' id='block_1_2' title="bbox 263 728 1670 1073">
    <p class='ocr_par' dir='ltr' id='par_1_2' title="bbox 263 728 1670 1073">
     <span class='ocr_line' id='line_1_2' title="bbox 311 728 1670 825; baseline 0 -19"><span class='ocrx_word' id='word_1_6' title='bbox 311 734 396 806; x_wconf 84' lang='lat' dir='ltr'><strong>Acta</strong></span> <span class='ocrx_word' id='word_1_7' title='bbox 412 740 493 805; x_wconf 89' lang='lat' dir='ltr'><strong>sunt</strong></span> <span class='ocrx_word' id='word_1_8' title='bbox 511 731 576 804; x_wconf 89' lang='lat' dir='ltr'><strong>hec</strong></span> <span class='ocrx_word' id='word_1_9' title='bbox 591 728 688 825; x_wconf 91' lang='lat' dir='ltr'><strong>apud</strong></span> <span class='ocrx_word' id='word_1_10' title='bbox 703 730 856 823; x_wconf 76' lang='lat' dir='ltr'><strong>Burgum</strong></span> <span class='ocrx_word' id='word_1_11' title='bbox 876 730 991 802; x_wconf 91' lang='lat' dir='ltr'><strong>Sancti</strong></span> <span class='ocrx_word' id='word_1_12' title='bbox 1010 731 1187 819; x_wconf 88' lang='lat' dir='ltr'><strong>Domnini,</strong></span> <span class='ocrx_word' id='word_1_13' title='bbox 1208 751 1300 802; x_wconf 83' lang='lat' dir='ltr'><strong>anno</strong></span> <span class='ocrx_word' id='word_1_14' title='bbox 1321 729 1493 804; x_wconf 88' lang='lat' dir='ltr'><strong>dominice</strong></span> <span class='ocrx_word' id='word_1_15' title='bbox 1511 733 1670 806; x_wconf 83' lang='lat' dir='ltr'><strong>incarna-</strong></span> 
     </span>
     <span class='ocr_line' id='line_1_3' title="bbox 263 851 1669 950; baseline 0 -19"><span class='ocrx_word' id='word_1_16' title='bbox 263 857 367 931; x_wconf 83' lang='lat' dir='ltr'><strong>tionis</strong></span> <span class='ocrx_word' id='word_1_17' title='bbox 390 855 607 946; x_wconf 86' lang='lat' dir='ltr'><strong>MCCXXVl,</strong></span> <span class='ocrx_word' id='word_1_18' title='bbox 632 875 751 926; x_wconf 91' lang='lat' dir='ltr'><strong>mense</strong></span> <span class='ocrx_word' id='word_1_19' title='bbox 771 855 848 945; x_wconf 92' lang='lat' dir='ltr'><strong>julii</strong></span> <span class='ocrx_word' id='word_1_20' title='bbox 872 851 947 948; x_wconf 83' lang='lat' dir='ltr'><strong>(l),</strong></span> <span class='ocrx_word' id='word_1_21' title='bbox 973 854 1050 926; x_wconf 84' lang='lat' dir='ltr'><strong>XIV</strong></span> <span class='ocrx_word' id='word_1_22' title='bbox 1073 854 1287 944; x_wconf 79' lang='lat' dir='ltr'><strong>indictionis,</strong></span> <span class='ocrx_word' id='word_1_23' title='bbox 1314 855 1504 950; x_wconf 84' lang='lat' dir='ltr'><strong>imperante</strong></span> <span class='ocrx_word' id='word_1_24' title='bbox 1528 855 1669 932; x_wconf 91' lang='lat' dir='ltr'><strong>domino</strong></span> 
     </span>
     <span class='ocr_line' id='line_1_4' title="bbox 264 975 1259 1073; baseline -0.006 -19"><span class='ocrx_word' id='word_1_25' title='bbox 264 990 381 1056; x_wconf 85' lang='lat' dir='ltr'><strong>nostm</strong></span> <span class='ocrx_word' id='word_1_26' title='bbox 398 980 584 1070; x_wconf 85' lang='lat' dir='ltr'><strong>Frideriuo,</strong></span> <span class='ocrx_word' id='word_1_27' title='bbox 607 985 691 1071; x_wconf 81' lang='lat' dir='ltr'><strong>eto,</strong></span> <span class='ocrx_word' id='word_1_28' title='bbox 708 999 799 1050; x_wconf 87' lang='lat' dir='ltr'><strong>anno</strong></span> <span class='ocrx_word' id='word_1_29' title='bbox 815 975 948 1073; x_wconf 91' lang='lat' dir='ltr'><strong>imperii</strong></span> <span class='ocrx_word' id='word_1_30' title='bbox 967 981 1042 1071; x_wconf 86' lang='lat' dir='ltr'><strong>ejus</strong></span> <span class='ocrx_word' id='word_1_31' title='bbox 1057 987 1170 1070; x_wconf 87' lang='lat' dir='ltr'><strong>sexto,</strong></span> <span class='ocrx_word' id='word_1_32' title='bbox 1192 986 1259 1050; x_wconf 89' lang='lat' dir='ltr'><strong>etc.</strong></span> 
     </span>
    </p>
   </div>
   <div class='ocr_carea' id='block_1_3' title="bbox 273 1617 1848 1862">
    <p class='ocr_par' dir='ltr' id='par_1_3' title="bbox 273 1617 1848 1862">
     <span class='ocr_line' id='line_1_5' title="bbox 322 1617 1848 1752; baseline -0.005 -53"><span class='ocrx_word' id='word_1_33' title='bbox 322 1617 554 1726; x_wconf 89' lang='lat' dir='ltr'><strong>Fridericus,</strong></span> <span class='ocrx_word' id='word_1_34' title='bbox 577 1619 837 1704; x_wconf 86' lang='lat' dir='ltr'><strong>Romanorum</strong></span> <span class='ocrx_word' id='word_1_35' title='bbox 858 1619 1077 1728; x_wconf 86' lang='lat' dir='ltr'><strong>imperator,</strong></span> <span class='ocrx_word' id='word_1_36' title='bbox 1094 1619 1204 1703; x_wconf 90' lang='lat' dir='ltr'><strong>Petro</strong></span> <span class='ocrx_word' id='word_1_37' title='bbox 1231 1617 1360 1701; x_wconf 89' lang='lat' dir='ltr'><strong>abbati</strong></span> <span class='ocrx_word' id='word_1_38' title='bbox 1385 1617 1605 1702; x_wconf 88' lang='lat' dir='ltr'><strong>monasterii</strong></span> <span class='ocrx_word' id='word_1_39' title='bbox 1628 1617 1677 1700; x_wconf 91' lang='lat' dir='ltr'><strong>de</strong></span> <span class='ocrx_word' id='word_1_40' title='bbox 1739 1647 1848 1752; x_wconf 58' lang='lat' dir='ltr'><strong>effi.</strong></span> 
     </span>
     <span class='ocr_line' id='line_1_6' title="bbox 273 1749 1581 1862; baseline -0.003 -28"><span class='ocrx_word' id='word_1_41' title='bbox 273 1749 483 1834; x_wconf 72' lang='lat' dir='ltr'>claravalle</span> <span class='ocrx_word' id='word_1_42' title='bbox 498 1752 539 1833; x_wconf 93' lang='lat' dir='ltr'><strong>in</strong></span> <span class='ocrx_word' id='word_1_43' title='bbox 554 1751 782 1836; x_wconf 77' lang='lat' dir='ltr'><strong>lombardia</strong></span> <span class='ocrx_word' id='word_1_44' title='bbox 798 1761 837 1836; x_wconf 90' lang='lat' dir='ltr'><strong>et</strong></span> <span class='ocrx_word' id='word_1_45' title='bbox 849 1752 1026 1836; x_wconf 89' lang='lat' dir='ltr'><strong>ecclesiae</strong></span> <span class='ocrx_word' id='word_1_46' title='bbox 1039 1751 1122 1862; x_wconf 87' lang='lat' dir='ltr'><strong>ejus</strong></span> <span class='ocrx_word' id='word_1_47' title='bbox 1139 1751 1379 1861; x_wconf 83' lang='lat' dir='ltr'><strong>privilegium</strong></span> <span class='ocrx_word' id='word_1_48' title='bbox 1397 1751 1581 1834; x_wconf 80' lang='lat' dir='ltr'><strong>concedit.</strong></span> 
     </span>
    </p>
   </div>
   <div class='ocr_carea' id='block_1_4' title="bbox 354 1971 1679 2158">
    <p class='ocr_par' dir='ltr' id='par_1_4' title="bbox 354 1971 1679 2158">
     <span class='ocr_line' id='line_1_7' title="bbox 354 1971 1679 2054; baseline 0 -20"><span class='ocrx_word' id='word_1_49' title='bbox 354 1972 520 2053; x_wconf 75' lang='lat' dir='ltr'><strong>(Memorat.</strong></span> <span class='ocrx_word' id='word_1_50' title='bbox 541 1980 572 2036; x_wconf 89' lang='lat' dir='ltr'><strong>et</strong></span> <span class='ocrx_word' id='word_1_51' title='bbox 590 1979 714 2036; x_wconf 70' lang='lat' dir='ltr'><strong>umet.</strong></span> <span class='ocrx_word' id='word_1_52' title='bbox 729 1991 778 2054; x_wconf 85' lang='lat' dir='ltr'><strong>ap.</strong></span> <span class='ocrx_word' id='word_1_53' title='bbox 793 1974 933 2048; x_wconf 78' lang='lat' dir='ltr'><strong>Gmnmr,</strong></span> <span class='ocrx_word' id='word_1_54' title='bbox 946 1973 1083 2034; x_wconf 66' lang='lat' dir='ltr'><strong>Mauorte</strong></span> <span class='ocrx_word' id='word_1_55' title='bbox 1096 1971 1129 2034; x_wconf 79' lang='lat' dir='ltr'><strong>cli</strong></span> <span class='ocrx_word' id='word_1_56' title='bbox 1144 1971 1271 2048; x_wconf 79' lang='lat' dir='ltr'><strong>Mtlcun,</strong></span> <span class='ocrx_word' id='word_1_57' title='bbox 1285 1980 1307 2034; x_wconf 86' lang='lat' dir='ltr'><strong>t</strong></span> <span class='ocrx_word' id='word_1_58' title='bbox 1322 1973 1440 2052; x_wconf 56' lang='lat' dir='ltr'><strong>vlup</strong></span> <span class='ocrx_word' id='word_1_59' title='bbox 1459 1981 1530 2048; x_wconf 79' lang='lat' dir='ltr'><strong>tot,</strong></span> <span class='ocrx_word' id='word_1_60' title='bbox 1545 1991 1583 2034; x_wconf 81' lang='lat' dir='ltr'><strong>ex</strong></span> <span class='ocrx_word' id='word_1_61' title='bbox 1597 1973 1679 2035; x_wconf 84' lang='lat' dir='ltr'><strong>arch.</strong></span> 
     </span>
     <span class='ocr_line' id='line_1_8' title="bbox 392 2081 732 2158; baseline -0.003 -16"><span class='ocrx_word' id='word_1_62' title='bbox 392 2083 561 2142; x_wconf 74' lang='lat' dir='ltr'><strong>mnarum</strong></span> <span class='ocrx_word' id='word_1_63' title='bbox 574 2081 732 2158; x_wconf 73' lang='lat' dir='ltr'><strong>ejusdem.)</strong></span> 
     </span>
    </p>
   </div>
   <div class='ocr_carea' id='block_1_5' title="bbox 276 2271 1685 2737">
    <p class='ocr_par' dir='ltr' id='par_1_5' title="bbox 276 2271 1685 2618">
     <span class='ocr_line' id='line_1_9' title="bbox 324 2271 1683 2367; baseline -0.001 -21"><span class='ocrx_word' id='word_1_64' title='bbox 324 2275 440 2346; x_wconf 80' lang='lat' dir='ltr'><strong>Testes</strong></span> <span class='ocrx_word' id='word_1_65' title='bbox 454 2285 536 2345; x_wconf 89' lang='lat' dir='ltr'><strong>sunt</strong></span> <span class='ocrx_word' id='word_1_66' title='bbox 557 2328 566 2346; x_wconf 93' lang='lat'><strong>.</strong></span> <span class='ocrx_word' id='word_1_67' title='bbox 588 2326 598 2346; x_wconf 94' lang='lat'><strong>.</strong></span> <span class='ocrx_word' id='word_1_68' title='bbox 620 2328 629 2346; x_wconf 91' lang='lat'><strong>.</strong></span> <span class='ocrx_word' id='word_1_69' title='bbox 648 2273 817 2346; x_wconf 87' lang='lat' dir='ltr'><strong>Henricus</strong></span> <span class='ocrx_word' id='word_1_70' title='bbox 838 2271 1104 2346; x_wconf 84' lang='lat' dir='ltr'><strong>Mediolanensis</strong></span> <span class='ocrx_word' id='word_1_71' title='bbox 1122 2271 1420 2367; x_wconf 81' lang='lat' dir='ltr'><strong>archiepiscopus,</strong></span> <span class='ocrx_word' id='word_1_72' title='bbox 1435 2271 1584 2346; x_wconf 84' lang='lat' dir='ltr'><strong>Iacobus</strong></span> <span class='ocrx_word' id='word_1_73' title='bbox 1596 2275 1683 2345; x_wconf 84' lang='lat' dir='ltr'><strong>Tuu-</strong></span> 
     </span>
     <span class='ocr_line' id='line_1_10' title="bbox 276 2395 1685 2492; baseline -0.001 -22"><span class='ocrx_word' id='word_1_74' title='bbox 276 2397 439 2489; x_wconf 88' lang='lat' dir='ltr'><strong>n&#39;nensis,</strong></span> <span class='ocrx_word' id='word_1_75' title='bbox 461 2399 563 2492; x_wconf 82' lang='lat' dir='ltr'><strong>lingo</strong></span> <span class='ocrx_word' id='word_1_76' title='bbox 585 2397 830 2486; x_wconf 80' lang='lat' dir='ltr'><strong>vercellensis,</strong></span> <span class='ocrx_word' id='word_1_77' title='bbox 849 2397 1022 2471; x_wconf 84' lang='lat' dir='ltr'><strong>lohannes</strong></span> <span class='ocrx_word' id='word_1_78' title='bbox 1041 2397 1298 2489; x_wconf 79' lang='lat' dir='ltr'><strong>Bergamensis,</strong></span> <span class='ocrx_word' id='word_1_79' title='bbox 1318 2395 1480 2468; x_wconf 80' lang='lat' dir='ltr'><strong>Albertus</strong></span> <span class='ocrx_word' id='word_1_80' title='bbox 1495 2397 1685 2469; x_wconf 86' lang='lat' dir='ltr'><strong>Brixiensis</strong></span> 
     </span>
     <span class='ocr_line' id='line_1_11' title="bbox 277 2521 642 2618; baseline 0 -24"><span class='ocrx_word' id='word_1_81' title='bbox 277 2521 441 2618; x_wconf 84' lang='lat' dir='ltr'><strong>episcopi,</strong></span> <span class='ocrx_word' id='word_1_82' title='bbox 463 2533 493 2594; x_wconf 86' lang='lat' dir='ltr'><strong>et</strong></span> <span class='ocrx_word' id='word_1_83' title='bbox 509 2523 642 2594; x_wconf 84' lang='lat' dir='ltr'><strong>coeteri.</strong></span> 
     </span>
    </p>

    <p class='ocr_par' dir='ltr' id='par_1_6' title="bbox 323 2643 1680 2737">
     <span class='ocr_line' id='line_1_12' title="bbox 323 2643 1680 2737; baseline -0.001 -20"><span class='ocrx_word' id='word_1_84' title='bbox 323 2647 448 2719; x_wconf 86' lang='lat' dir='ltr'><strong>Datum</strong></span> <span class='ocrx_word' id='word_1_85' title='bbox 458 2647 592 2737; x_wconf 86' lang='lat' dir='ltr'><strong>Parme,</strong></span> <span class='ocrx_word' id='word_1_86' title='bbox 608 2667 699 2720; x_wconf 87' lang='lat' dir='ltr'><strong>anno</strong></span> <span class='ocrx_word' id='word_1_87' title='bbox 714 2645 886 2720; x_wconf 91' lang='lat' dir='ltr'><strong>dominice</strong></span> <span class='ocrx_word' id='word_1_88' title='bbox 900 2645 1142 2720; x_wconf 85' lang='lat' dir='ltr'><strong>incarnationis</strong></span> <span class='ocrx_word' id='word_1_89' title='bbox 1155 2643 1363 2737; x_wconf 85' lang='lat' dir='ltr'><strong>MCCXXVI,</strong></span> <span class='ocrx_word' id='word_1_90' title='bbox 1378 2665 1495 2717; x_wconf 90' lang='lat' dir='ltr'><strong>mense</strong></span> <span class='ocrx_word' id='word_1_91' title='bbox 1502 2645 1602 2736; x_wconf 89' lang='lat' dir='ltr'><strong>julio,</strong></span> <span class='ocrx_word' id='word_1_92' title='bbox 1619 2655 1680 2716; x_wconf 87' lang='lat' dir='ltr'><strong>etc.</strong></span> 
     </span>
    </p>
   </div>
   <div class='ocr_carea' id='block_1_6' title="bbox 282 3298 1893 4210">
    <p class='ocr_par' dir='ltr' id='par_1_7' title="bbox 282 3298 1893 4210">
     <span class='ocr_line' id='line_1_13' title="bbox 334 3298 1893 3432; baseline -0.01 -44"><span class='ocrx_word' id='word_1_93' title='bbox 334 3302 566 3410; x_wconf 90' lang='lat' dir='ltr'><strong>Fridericus,</strong></span> <span class='ocrx_word' id='word_1_94' title='bbox 599 3301 860 3386; x_wconf 87' lang='lat' dir='ltr'><strong>Romanorum</strong></span> <span class='ocrx_word' id='word_1_95' title='bbox 893 3299 1115 3408; x_wconf 90' lang='lat' dir='ltr'><strong>imperator,</strong></span> <span class='ocrx_word' id='word_1_96' title='bbox 1151 3298 1392 3408; x_wconf 83' lang='lat' dir='ltr'><strong>privilegium</strong></span> <span class='ocrx_word' id='word_1_97' title='bbox 1427 3311 1582 3384; x_wconf 79' lang='lat' dir='ltr'><strong>renouat</strong></span> <span class='ocrx_word' id='word_1_98' title='bbox 1616 3326 1695 3410; x_wconf 91' lang='lat' dir='ltr'><strong>quo</strong></span> <span class='ocrx_word' id='word_1_99' title='bbox 1730 3327 1893 3432; x_wconf 50' lang='lat' dir='ltr'><strong>affinem</strong></span> 
     </span>
     <span class='ocr_line' id='line_1_14' title="bbox 282 3430 1843 3538; baseline -0.004 -18"><span class='ocrx_word' id='word_1_100' title='bbox 282 3435 478 3520; x_wconf 84' lang='lat' dir='ltr'><strong>communi</strong></span> <span class='ocrx_word' id='word_1_101' title='bbox 495 3435 637 3520; x_wconf 89' lang='lat' dir='ltr'><strong>Januae</strong></span> <span class='ocrx_word' id='word_1_102' title='bbox 649 3434 868 3518; x_wconf 85' lang='lat' dir='ltr'><strong>facultatem</strong></span> <span class='ocrx_word' id='word_1_103' title='bbox 886 3432 1056 3516; x_wconf 86' lang='lat' dir='ltr'><strong>concedit</strong></span> <span class='ocrx_word' id='word_1_104' title='bbox 1083 3441 1364 3514; x_wconf 84' lang='lat' dir='ltr'><strong>armamentum</strong></span> <span class='ocrx_word' id='word_1_105' title='bbox 1391 3430 1573 3538; x_wconf 86' lang='lat' dir='ltr'><strong>faciendi,</strong></span> <span class='ocrx_word' id='word_1_106' title='bbox 1593 3458 1695 3515; x_wconf 89' lang='lat' dir='ltr'><strong>con-</strong></span> <span class='ocrx_word' id='word_1_107' title='bbox 1778 3436 1843 3491; x_wconf 57' lang='lat'>¹⁸³⁰·</span> 
     </span>
     <span class='ocr_line' id='line_1_15' title="bbox 284 3563 1697 3678; baseline -0.003 -26"><span class='ocrx_word' id='word_1_108' title='bbox 284 3569 387 3652; x_wconf 89' lang='lat' dir='ltr'><strong>snles</strong></span> <span class='ocrx_word' id='word_1_109' title='bbox 418 3577 456 3651; x_wconf 91' lang='lat' dir='ltr'><strong>et</strong></span> <span class='ocrx_word' id='word_1_110' title='bbox 484 3576 687 3678; x_wconf 83' lang='lat' dir='ltr'><strong>potestates</strong></span> <span class='ocrx_word' id='word_1_111' title='bbox 722 3565 910 3676; x_wconf 86' lang='lat' dir='ltr'><strong>eligendi,</strong></span> <span class='ocrx_word' id='word_1_112' title='bbox 946 3563 1169 3646; x_wconf 88' lang='lat' dir='ltr'><strong>aedificandi</strong></span> <span class='ocrx_word' id='word_1_113' title='bbox 1201 3574 1369 3646; x_wconf 89' lang='lat' dir='ltr'><strong>castrum</strong></span> <span class='ocrx_word' id='word_1_114' title='bbox 1400 3591 1513 3673; x_wconf 88' lang='lat' dir='ltr'><strong>super</strong></span> <span class='ocrx_word' id='word_1_115' title='bbox 1543 3575 1697 3674; x_wconf 89' lang='lat' dir='ltr'><strong>portum</strong></span> 
     </span>
     <span class='ocr_line' id='line_1_16' title="bbox 282 3696 1699 3808; baseline -0.004 -20"><span class='ocrx_word' id='word_1_116' title='bbox 282 3700 479 3806; x_wconf 84' lang='lat' dir='ltr'><strong>Monachi,</strong></span> <span class='ocrx_word' id='word_1_117' title='bbox 499 3699 668 3784; x_wconf 87' lang='lat' dir='ltr'><strong>notarios</strong></span> <span class='ocrx_word' id='word_1_118' title='bbox 684 3699 881 3805; x_wconf 84' lang='lat' dir='ltr'><strong>faciendi,</strong></span> <span class='ocrx_word' id='word_1_119' title='bbox 896 3723 1034 3808; x_wconf 86' lang='lat' dir='ltr'><strong>rugam</strong></span> <span class='ocrx_word' id='word_1_120' title='bbox 1061 3722 1180 3779; x_wconf 91' lang='lat' dir='ltr'><strong>unam</strong></span> <span class='ocrx_word' id='word_1_121' title='bbox 1206 3696 1373 3780; x_wconf 88' lang='lat' dir='ltr'><strong>habendi</strong></span> <span class='ocrx_word' id='word_1_122' title='bbox 1399 3697 1440 3778; x_wconf 93' lang='lat' dir='ltr'><strong>in</strong></span> <span class='ocrx_word' id='word_1_123' title='bbox 1467 3722 1699 3808; x_wconf 90' lang='lat' dir='ltr'><strong>unaquaque</strong></span> 
     </span>
     <span class='ocr_line' id='line_1_17' title="bbox 283 3829 1696 3942; baseline -0.006 -22"><span class='ocrx_word' id='word_1_124' title='bbox 283 3835 434 3920; x_wconf 81' lang='lat' dir='ltr'><strong>civitate</strong></span> <span class='ocrx_word' id='word_1_125' title='bbox 450 3834 665 3918; x_wconf 86' lang='lat' dir='ltr'><strong>maritimae</strong></span> <span class='ocrx_word' id='word_1_126' title='bbox 681 3857 799 3942; x_wconf 90' lang='lat' dir='ltr'><strong>quam</strong></span> <span class='ocrx_word' id='word_1_127' title='bbox 814 3829 1119 3941; x_wconf 81' lang='lat' dir='ltr'><strong>subjugaverint,</strong></span> <span class='ocrx_word' id='word_1_128' title='bbox 1139 3831 1289 3940; x_wconf 89' lang='lat' dir='ltr'><strong>pondus</strong></span> <span class='ocrx_word' id='word_1_129' title='bbox 1315 3839 1352 3912; x_wconf 93' lang='lat' dir='ltr'><strong>et</strong></span> <span class='ocrx_word' id='word_1_130' title='bbox 1378 3855 1598 3914; x_wconf 88' lang='lat' dir='ltr'><strong>mensuram</strong></span> <span class='ocrx_word' id='word_1_131' title='bbox 1619 3859 1696 3940; x_wconf 94' lang='lat' dir='ltr'><strong>pe-</strong></span> 
     </span>
     <span class='ocr_line' id='line_1_18' title="bbox 284 3961 1695 4073; baseline -0.004 -21"><span class='ocrx_word' id='word_1_132' title='bbox 284 3967 468 4052; x_wconf 88' lang='lat' dir='ltr'><strong>culiarem</strong></span> <span class='ocrx_word' id='word_1_133' title='bbox 491 3965 678 4071; x_wconf 90' lang='lat' dir='ltr'><strong>habendi,</strong></span> <span class='ocrx_word' id='word_1_134' title='bbox 705 3973 793 4046; x_wconf 89' lang='lat' dir='ltr'><strong>ante</strong></span> <span class='ocrx_word' id='word_1_135' title='bbox 819 3961 967 4073; x_wconf 87' lang='lat' dir='ltr'><strong>judiees</strong></span> <span class='ocrx_word' id='word_1_136' title='bbox 997 3963 1204 4046; x_wconf 87' lang='lat' dir='ltr'><strong>lennenses</strong></span> <span class='ocrx_word' id='word_1_137' title='bbox 1236 3963 1383 4060; x_wconf 89' lang='lat' dir='ltr'><strong>standi,</strong></span> <span class='ocrx_word' id='word_1_138' title='bbox 1411 3973 1448 4047; x_wconf 88' lang='lat' dir='ltr'><strong>et</strong></span> <span class='ocrx_word' id='word_1_139' title='bbox 1477 3975 1624 4047; x_wconf 88' lang='lat' dir='ltr'><strong>caetera</strong></span> <span class='ocrx_word' id='word_1_140' title='bbox 1654 3965 1695 4046; x_wconf 93' lang='lat' dir='ltr'><strong>in</strong></span> 
     </span>
     <span class='ocr_line' id='line_1_19' title="bbox 283 4097 836 4210; baseline -0.005 -29"><span class='ocrx_word' id='word_1_141' title='bbox 283 4099 412 4210; x_wconf 85' lang='lat' dir='ltr'><strong>priore</strong></span> <span class='ocrx_word' id='word_1_142' title='bbox 427 4097 624 4208; x_wconf 83' lang='lat' dir='ltr'><strong>privilegio</strong></span> <span class='ocrx_word' id='word_1_143' title='bbox 645 4122 836 4206; x_wconf 87' lang='lat' dir='ltr'><strong>expressa.</strong></span> 
     </span>
    </p>
   </div>
   <div class='ocr_carea' id='block_1_7' title="bbox 288 4412 1700 4866">
    <p class='ocr_par' dir='ltr' id='par_1_8' title="bbox 288 4412 1700 4778">
     <span class='ocr_line' id='line_1_20' title="bbox 323 4412 1698 4525; baseline 0.003 -56"><span class='ocrx_word' id='word_1_144' title='bbox 323 4412 362 4487; x_wconf 87' lang='grc'><strong>(4)</strong></span> <span class='ocrx_word' id='word_1_145' title='bbox 381 4413 456 4471; x_wconf 77' lang='lat' dir='ltr'><strong>licet</strong></span> <span class='ocrx_word' id='word_1_146' title='bbox 473 4412 572 4490; x_wconf 83' lang='lat' dir='ltr'><strong>Campo</strong></span> <span class='ocrx_word' id='word_1_147' title='bbox 591 4414 759 4525; x_wconf 67' lang='lat' dir='ltr'><strong>privilepium</strong></span> <span class='ocrx_word' id='word_1_148' title='bbox 781 4415 816 4472; x_wconf 84' lang='lat' dir='ltr'><strong>ad</strong></span> <span class='ocrx_word' id='word_1_149' title='bbox 839 4415 911 4473; x_wconf 84' lang='lat' dir='ltr'><strong>diem</strong></span> <span class='ocrx_word' id='word_1_150' title='bbox 933 4415 1023 4473; x_wconf 84' lang='lat' dir='ltr'><strong>xxvt</strong></span> <span class='ocrx_word' id='word_1_151' title='bbox 1037 4415 1096 4488; x_wconf 86' lang='lat' dir='ltr'><strong>julii</strong></span> <span class='ocrx_word' id='word_1_152' title='bbox 1117 4416 1226 4488; x_wconf 86' lang='lat' dir='ltr'><strong>relerut,</strong></span> <span class='ocrx_word' id='word_1_153' title='bbox 1246 4415 1390 4490; x_wconf 82' lang='lat' dir='ltr'><strong>quemdum</strong></span> <span class='ocrx_word' id='word_1_154' title='bbox 1408 4415 1589 4474; x_wconf 81' lang='lat' dir='ltr'><strong>contusionem</strong></span> <span class='ocrx_word' id='word_1_155' title='bbox 1608 4415 1698 4492; x_wconf 87' lang='lat' dir='ltr'><strong>suspi-</strong></span> 
     </span>
     <span class='ocr_line' id='line_1_21' title="bbox 288 4511 1699 4588; baseline 0.001 -20"><span class='ocrx_word' id='word_1_156' title='bbox 288 4525 383 4568; x_wconf 85' lang='lat' dir='ltr'><strong>camur</strong></span> <span class='ocrx_word' id='word_1_157' title='bbox 401 4511 472 4568; x_wconf 76' lang='lat' dir='ltr'><strong>inter</strong></span> <span class='ocrx_word' id='word_1_158' title='bbox 490 4527 591 4570; x_wconf 83' lang='lat' dir='ltr'><strong>annum</strong></span> <span class='ocrx_word' id='word_1_159' title='bbox 610 4518 640 4571; x_wconf 85' lang='lat' dir='ltr'><strong>et</strong></span> <span class='ocrx_word' id='word_1_160' title='bbox 661 4512 766 4570; x_wconf 75' lang='lat' dir='ltr'><strong>dierum</strong></span> <span class='ocrx_word' id='word_1_161' title='bbox 779 4513 881 4570; x_wconf 87' lang='lat' dir='ltr'><strong>mensis</strong></span> <span class='ocrx_word' id='word_1_162' title='bbox 900 4529 1056 4582; x_wconf 87' lang='lat' dir='ltr'><strong>numeram,</strong></span> <span class='ocrx_word' id='word_1_163' title='bbox 1070 4529 1154 4586; x_wconf 90' lang='lat' dir='ltr'><strong>quum</strong></span> <span class='ocrx_word' id='word_1_164' title='bbox 1174 4513 1283 4570; x_wconf 88' lang='lat' dir='ltr'><strong>minime</strong></span> <span class='ocrx_word' id='word_1_165' title='bbox 1301 4511 1453 4572; x_wconf 86' lang='lat' dir='ltr'><strong>verosimile</strong></span> <span class='ocrx_word' id='word_1_166' title='bbox 1471 4512 1520 4584; x_wconf 87' lang='lat' dir='ltr'><strong>sit,</strong></span> <span class='ocrx_word' id='word_1_167' title='bbox 1541 4513 1699 4588; x_wconf 84' lang='lat' dir='ltr'><strong>praesertim</strong></span> 
     </span>
     <span class='ocr_line' id='line_1_22' title="bbox 290 4607 1700 4686; baseline 0.003 -22"><span class='ocrx_word' id='word_1_168' title='bbox 290 4607 433 4665; x_wconf 68' lang='lat' dir='ltr'><strong>mitiusue</strong></span> <span class='ocrx_word' id='word_1_169' title='bbox 443 4609 581 4682; x_wconf 61' lang='lat' dir='ltr'><strong>ment,</strong></span> <span class='ocrx_word' id='word_1_170' title='bbox 600 4608 789 4685; x_wconf 81' lang='lat' dir='ltr'><strong>imperatorem</strong></span> <span class='ocrx_word' id='word_1_171' title='bbox 803 4627 890 4686; x_wconf 87' lang='lat' dir='ltr'><strong>usqne</strong></span> <span class='ocrx_word' id='word_1_172' title='bbox 901 4610 936 4668; x_wconf 83' lang='lat' dir='ltr'><strong>ad</strong></span> <span class='ocrx_word' id='word_1_173' title='bbox 947 4611 1020 4668; x_wconf 87' lang='lat' dir='ltr'><strong>hunc</strong></span> <span class='ocrx_word' id='word_1_174' title='bbox 1032 4610 1104 4668; x_wconf 72' lang='lat' dir='ltr'><strong>mem</strong></span> <span class='ocrx_word' id='word_1_175' title='bbox 1123 4611 1196 4684; x_wconf 90' lang='lat' dir='ltr'><strong>apud</strong></span> <span class='ocrx_word' id='word_1_176' title='bbox 1210 4611 1325 4684; x_wconf 77' lang='lat' dir='ltr'><strong>Burgum</strong></span> <span class='ocrx_word' id='word_1_177' title='bbox 1336 4611 1365 4668; x_wconf 89' lang='lat' dir='ltr'><strong>S.</strong></span> <span class='ocrx_word' id='word_1_178' title='bbox 1380 4611 1496 4669; x_wconf 85' lang='lat' dir='ltr'><strong>Donnini</strong></span> <span class='ocrx_word' id='word_1_179' title='bbox 1509 4625 1612 4668; x_wconf 85' lang='lat' dir='ltr'><strong>moram</strong></span> <span class='ocrx_word' id='word_1_180' title='bbox 1623 4627 1700 4668; x_wconf 86' lang='lat' dir='ltr'><strong>suam</strong></span> 
     </span>
     <span class='ocr_line' id='line_1_23' title="bbox 290 4703 484 4778; baseline 0 0"><span class='ocrx_word' id='word_1_181' title='bbox 290 4703 484 4778; x_wconf 63' lang='lat' dir='ltr'><strong>pungnam.</strong></span> 
     </span>
    </p>

    <p class='ocr_par' dir='ltr' id='par_1_9' title="bbox 390 4803 1540 4866">
     <span class='ocr_line' id='line_1_24' title="bbox 390 4803 1540 4866; baseline 0 0"><span class='ocrx_word' id='word_1_182' title='bbox 390 4803 433 4866; x_wconf 83' lang='lat' dir='ltr'><strong>n.</strong></span> <span class='ocrx_word' id='word_1_183' title='bbox 453 4818 508 4864; x_wconf 76' lang='lat' dir='ltr'><strong>rm</strong></span> <span class='ocrx_word' id='word_1_184' title='bbox 518 4819 541 4865; x_wconf 79' lang='lat' dir='ltr'><strong>a.</strong></span> <span class='ocrx_word' id='word_1_185' title='bbox 1503 4814 1540 4866; x_wconf 75' lang='lat' dir='ltr'><strong>st</strong></span> 
     </span>
    </p>
   </div>
   <div class='ocr_carea' id='block_1_8' title="bbox 0 0 2246 5908">
    <p class='ocr_par' dir='ltr' id='par_1_10' title="bbox 0 0 2246 5908">
     <span class='ocr_line' id='line_1_25' title="bbox 0 0 2246 5908; baseline 0 0"><span class='ocrx_word' id='word_1_186' title='bbox 0 0 2246 5908; x_wconf 95' lang='lat' dir='ltr'><strong> </strong></span> 
     </span>
    </p>
   </div>
  </div>
 </body>
</html>
