4324 5916
758 604 1068 670 lllllll'l'tlllllN'l'A.
1566 599 1626 662 etl

208 735 486 810 Plumbexanam
504 761 588 812 oum·
603 748 674 814 tota
688 741 799 834 curia,
815 751 974 836 quartam
989 751 1120 838 partem
1134 739 1301 831 Nazanni,
1319 735 1448 810 castelli
1466 745 1501 810 et
1513 737 1621 830 curie,

209 861 457 958 Centacapram
477 885 558 936 cum
577 873 647 940 tota
661 867 770 953 ouria,
791 866 1002 964 lllonpollum
1023 889 1104 939 cum
1121 874 1191 938 tote
1204 865 1314 954 ouria,
1333 863 1469 936 tertiam
1490 871 1624 958 partem
1717 962 1720 968 Ι

208 986 390 1062 Boberette
405 987 467 1085 (a),
490 990 619 1062 castelli
637 999 672 1066 et
689 991 805 1082 curie,
829 991 947 1064 omnia
963 989 1175 1087 quehabent
1189 991 1227 1061 in
1242 989 1443 1085 episcopatu
1465 995 1500 1060 et
1518 969 1624 1062 comi·

209 1119 282 1184 tatu
300 1112 511 1186 Terdonensi
530 1123 565 1186 et
581 1115 619 1186 in
637 1115 777 1190 civitate
800 1115 987 1190 Mediolani
1009 1123 1043 1188 et
1066 1115 1231 1188 comitatu
1251 1123 1286 1186 et
1307 1111 1620 1206 archiepiscopatu,

208 1236 247 1306 in
274 1234 412 1308 civitate
442 1235 648 1311 Cumanensi
678 1249 712 1312 et
739 1239 902 1312 comitatu
926 1248 961 1313 et
984 1239 1280 1335 archiepiscopatu
1303 1235 1368 1333 (b),
1395 1236 1432 1308 iu
1459 1235 1622 1308 comitatu

209 1359 380 1434 brixiensi
400 1369 436 1434 et
457 1361 494 1434 in
514 1364 716 1460 episcopatu
733 1364 895 1440 Bobiensi
912 1373 947 1440 et
966 1365 1003 1438 in
1025 1365 1227 1460 episcopatu
1248 1361 1420 1436 laudensi
1439 1370 1474 1434 et
1494 1360 1530 1432 in
1550 1360 1624 1455 epi·

210 1493 355 1579 scopatu
372 1485 567 1578 Parmensi,
586 1496 621 1560 et
637 1489 755 1560 omnia
772 1509 993 1584 quecumque
1010 1488 1140 1580 regalia
1157 1509 1227 1583 que
1242 1487 1289 1561 ad
1306 1507 1369 1558 nos
1386 1493 1420 1558 et
1440 1485 1624 1579 imperium

208 1609 380 1703 pertinent
395 1611 431 1682 in
452 1611 659 1706 supradictis
679 1614 840 1686 omnibus
862 1613 948 1688 locis
965 1623 1037 1686 tam
1061 1613 1096 1686 in
1118 1613 1173 1685 his
1191 1611 1354 1686 omnibus
1374 1631 1444 1705 que
1469 1618 1623 1684 anteces-

209 1753 305 1808 sores
323 1735 378 1808 sui
391 1733 591 1810 habuerunt
607 1747 667 1810 aut
683 1738 751 1833 ipsi
768 1740 872 1813 modo
886 1737 1018 1812 babent
1032 1739 1069 1810 in
1089 1739 1201 1812 lanua
1218 1746 1253 1810 et
1265 1737 1303 1808 in
1317 1757 1437 1810 eorum
1452 1736 1620 1829 marchia,

208 1856 342 1930 eisdem
362 1861 621 1936 marchionibus
636 1861 793 1937 Conrado
809 1871 844 1938 ot
861 1863 1047 1960 Oppizzoni
1065 1871 1098 1938 et
1116 1881 1236 1938 eorum
1253 1861 1414 1956 legitimis
1433 1861 1622 1934 heredibus

208 1983 245 2052 iu
262 1983 407 2057 seudum
428 1988 651 2061 concedimus
670 1999 705 2062 et
721 1987 978 2080 confirmamus,
994 2009 1075 2061 cum
1092 1988 1186 2062 omni
1204 1987 1338 2063 honore
1352 1995 1387 2059 et
1406 1986 1553 2060 utilitate
1573 1985 1621 2060 ad

209 2105 393 2203 imperium
411 2111 603 2206 pertinente
619 2139 627 2184 :
643 2113 806 2186 videlicet
822 2135 902 2186 cnm
919 2113 1064 2210 placitis,
1088 2111 1209 2203 lodris,
1235 2111 1449 2206 albergariis,
1469 2112 1617 2204 teloniis,

208 2233 387 2328 pedagiis,
411 2235 640 2328 districtibus,
662 2237 904 2328 fidelitatibus,
930 2239 1075 2335 pugnis,
1097 2235 1396 2333 expeditionibus,
1418 2235 1619 2310 advocatio·

208 2357 326 2447 nibus‚
347 2357 547 2432 eubraudiis
560 2358 619 2457 (c),
637 2361 899 2457 piscationibus,
920 2361 1018 2456 ripis,
1033 2361 1174 2450 tabulis,
1190 2359 1414 2456 ponderibus,
1434 2361 1617 2454 mensuris,

209 2482 347 2578 plateis,
373 2481 558 2574 becceriis,
586 2486 707 2582 aquis,
727 2485 952 2579 molendinis;
973 2487 1065 2559 bona
1091 2486 1195 2558 etiam
1217 2495 1253 2558 et
1271 2485 1505 2582 possessiones
1531 2508 1620 2584 quas

208 2605 362 2700 legitime
380 2607 510 2682 habent
532 2619 593 2681 aut
614 2610 766 2684 habituri
789 2619 870 2682 sunt
888 2611 940 2684 eis
958 2611 1159 2684 auctoritate
1176 2619 1293 2683 nostra
1316 2611 1486 2706 imperiali
1505 2633 1620 2686 corro-

205 2731 371 2806 boramus
393 2741 428 2806 et
450 2734 486 2806 in
512 2744 718 2830 perpetuum
742 2731 1000 2808 confirmamus.
1020 2732 1076 2818 Ad
1098 2741 1322 2828 augmentum
1348 2757 1488 2830 quoque
1510 2738 1620 2830 gratie

206 2865 325 2930 nostre
348 2857 470 2930 iterato
488 2859 749 2932 corroboramus
768 2869 804 2932 et
825 2855 1070 2932 confirmamus
1091 2857 1207 2930 omnia
1229 2857 1388 2952 quesibi
1412 2859 1620 2933 donavimus

206 2981 244 3052 iu
261 2981 403 3055 civitate
419 2981 629 3078 Terdonensi
649 2993 684 3057 et
701 2983 738 3056 in
757 2985 833 3078 ejus
859 2985 1043 3076 comitatu,
1064 2981 1154 3054 sicut
1173 2982 1366 3055 continetur
1383 2981 1419 3053 in
1437 2981 1618 3079 privilegio

206 3115 323 3180 nostre
340 3109 528 3201 maiestatis
549 3109 645 3205 quod
662 3109 698 3181 in
716 3109 838 3182 castris
855 3131 964 3206 prope
981 3107 1215 3182 Florentinum
1232 3108 1283 3180 eis
1299 3105 1372 3180 fleri
1389 3107 1561 3206 lecimus(
1586 3109 1613 3206 ),

206 3240 353 3328 excepto
373 3253 416 3308 eo
438 3233 534 3328 quod
546 3234 706 3329 jamdicti
729 3234 878 3310 Conradi
897 3256 988 3310 avus
1008 3233 1156 3331 Oppizzo
1173 3231 1353 3328 quondam
1369 3231 1523 3306 marchio
1542 3234 1616 3308 Ma·

204 3355 339 3451 laspine
356 3356 498 3431 domiuo
514 3358 687 3434 Friderico
708 3359 793 3436 divo
814 3371 962 3457 augusto
981 3381 1050 3436 avo
1069 3367 1186 3432 nostro
1203 3356 1260 3430 sui
1277 3377 1394 3430 umore
1414 3355 1459 3430 de
1478 3356 1617 3430 civitate

205 3481 415 3556 Terdonensi
434 3483 597 3557 relutavit
621 3494 726 3581 atque
746 3486 948 3582 resignavit.
970 3485 1004 3559 Si
1021 3505 1091 3580 que
1111 3503 1195 3557 veru
1219 3481 1361 3574 civims,
1379 3481 1540 3579 princeps
1560 3482 1617 3555 vel

205 3613 357 3700 potestas
385 3615 448 3680 ant
478 3607 597 3704 aliqua
626 3609 856 3684 ecclesiastica
893 3607 1103 3684 secularisve
1129 3627 1276 3704 persona
1310 3605 1347 3678 in
1374 3605 1429 3680 hie
1457 3605 1619 3680 omnibus

200 3729 388 3822 jamdictos
411 3731 628 3806 marchiones
651 3733 848 3808 Conradum
870 3743 905 3808 et
927 3733 1156 3830 Oppizzonem
1172 3741 1207 3804 et
1230 3729 1376 3804 heredes
1400 3751 1519 3803 eorum
1539 3751 1619 3802 mo-

204 3854 328 3928 lestare
343 3855 400 3930 vel
423 3857 616 3951 inquietare
639 3859 909 3954 presumpserit,
932 3857 1025 3932 mille
1044 3858 1212 3932 librarum
1230 3858 1306 3932 anri
1327 3876 1389 3954 pro
1412 3877 1502 3954 pena
1522 3876 1617 3929 com·

242 4087 281 4166 (a)
300 4089 337 4150 ln
350 4089 441 4152 altero
454 4097 551 4154 autem
565 4089 759 4173 Manportlcm
776 4097 806 4154 et
820 4089 969 4156 Roborete.

243 4189 283 4271 (b)
301 4193 365 4271 Sic,
381 4195 434 4258 sed
447 4199 479 4259 tn
491 4197 583 4260 altero
595 4207 673 4262 reete
693 4201 867 4280 epicopatu.

245 4298 283 4380 (c)
300 4302 338 4364 ln
355 4303 448 4366 altero
459 4303 611 4368 waddo.
948 4314 951 4320 '

239 4651 279 4721 (t)
296 4648 369 4708 llaec
385 4649 457 4708 aliud
472 4652 593 4726 ejusdem
606 4652 734 4727 temporis
744 4650 913 4728 privilegium
927 4649 1030 4709 eisdem
1043 4650 1175 4708 indultum
1188 4656 1217 4709 et
1228 4649 1306 4708 hodio
1318 4649 1486 4725 deperditum
1498 4652 1615 4711 indicare

203 4743 341 4806 ridentur.
355 4747 512 4823 lltdusmodi
525 4749 645 4809 clausula
656 4750 684 4808 iu
695 4750 833 4826 privilegio
844 4765 951 4825 quoqne
963 4748 1089 4808 Friderici
1100 4750 1179 4827 primi
1190 4749 1325 4809 inseritur.
