4330 5914
538 631 599 692 '132
1064 633 1234 692 llENlllCl
1262 633 1428 692 sut‘Tttttt
1764 632 1843 707 [Ans.
1864 631 1948 694 1222

542 743 772 870 electuscum
790 741 963 840 canonicis
979 777 1013 840 et
1033 769 1315 842 ministerialibus
1332 769 1406 841 suis
1425 767 1635 864 quibusdam
1656 767 1786 840 litteras
1805 777 1876 842 tam
1893 779 1953 842 tuo

549 915 654 986 quam
675 891 770 966 chori
798 894 852 964 sui
877 893 991 988 sigillo
1013 895 1165 987 signatas
1189 896 1289 969 nobis
1314 893 1492 987 exhibuit,
1520 893 1614 966 hunc
1641 893 1784 967 modum
1809 895 1955 990 pleniter

542 1015 781 1089 continentes:

592 1143 630 1212 ln
645 1141 785 1214 nomine
798 1151 916 1215 sancte
931 1153 966 1215 et
983 1143 1167 1216 individue
1178 1143 1363 1218 Trinitatis.
1380 1147 1451 1216 Hec
1464 1151 1516 1215 est
1532 1143 1640 1216 forma
1655 1140 1840 1215 deditionis
1852 1145 1954 1216 castri

543 1265 578 1336 in
595 1265 677 1338 Hals
697 1291 706 1335 ε
728 1266 889 1339 videlicet
908 1267 1003 1362 quod
1025 1267 1188 1340 dominus
1204 1269 1248 1341 A.
1272 1269 1317 1343 de
1331 1271 1412 1341 ttats
1430 1278 1580 1340 castrum
1602 1265 1689 1338 illud
1705 1264 1803 1338 dedit
1819 1267 1856 1337 in
1873 1291 1953 1362 gra·

543 1390 626 1462 tiam
652 1390 783 1462 domini
805 1391 906 1464 ducis
933 1393 1077 1465 Bavaric
1097 1393 1246 1486 junioris
1268 1395 1432 1490 idemque
1454 1393 1532 1466 dux
1555 1391 1780 1464 incontinenti
1804 1401 1953 1464 castrum

543 1523 763 1610 pretaxatam
783 1516 898 1611 posuit
920 1517 955 1588 in
974 1527 1140 1612 potestate
1162 1519 1293 1592 domini
1321 1519 1455 1593 comitis
1477 1519 1512 1590 in
1537 1517 1672 1612 Pogen3
1693 1515 1739 1588 ita
1762 1515 1893 1588 scilicet
1916 1525 1955 1588 ut

543 1639 618 1735 ipsc
638 1649 787 1714 castrum
808 1639 896 1713 illud
915 1641 1062 1715 fideliter
1078 1643 1287 1736 observaret,
1308 1644 1420 1717 donec
1441 1641 1582 1717 domino
1600 1639 1761 1738 episcopo
1776 1639 1838 1733 qui
1862 1661 1955 1710 nnnc

542 1773 595 1838 cst
610 1765 805 1839 Pataviensi
819 1767 876 1839 vel
890 1767 967 1859 ejus
981 1767 1169 1841 successori
1185 1767 1230 1841 do
1245 1768 1406 1866 dampnis
1420 1777 1455 1840 et
1471 1765 1607 1858 injuriis
1622 1775 1689 1836 tarn
1706 1763 1741 1834 in
1755 1763 1956 1836 hominibus

543 1912 649 1984 qnam
675 1891 711 1961 in
734 1891 836 1963 rebus
859 1913 880 1964 a
902 1894 1034 1987 prefato
1056 1893 1098 1965 Α.
1125 1905 1159 1966 ot
1183 1893 1381 1966 hominibus
1402 1891 1476 1965 suis
1505 1901 1540 1963 et
1563 1893 1666 1962 fratre
1691 1911 1755 1961 suo
1777 1888 1820 1961 Α.
1841 1899 1874 1962 et
1895 1889 1952 1960 W.

544 2012 830 2090 deRatenwercb
852 2025 975 2112 patruo
994 2017 1175 2113 utriusque
1200 2015 1359 2116 [illatis],
1387 2015 1579 2090 secundnm
1605 2013 1785 2087 arbitrium
1813 2022 1849 2085 et
1872 2033 1956 2085 con-

543 2139 658 2210 silium
676 2141 721 2212 vt
738 2137 783 2212 de
802 2140 959 2232 ecclesia,
976 2141 1081 2213 trium
1105 2142 1266 2215 videlicet
1284 2141 1525 2215 canonicorum
1542 2150 1576 2214 et
1593 2139 1733 2212 totidem
1752 2137 1957 2210 ministeria-

543 2263 646 2354 lium,
668 2272 702 2336 et
719 2265 764 2336 vt
785 2265 1058 2360 propinquorum
1072 2267 1129 2339 vel
1145 2267 1333 2340 amicornm
1350 2247 1557 2362 prefatomrb
1576 2265 1716 2336 fratrum
1739 2261 1784 2335 dc
1802 2261 1884 2337 ilals
1898 2261 1955 2333 'vel

546 2386 740 2459 secundnm
757 2391 815 2482 jus
836 2390 893 2461 vel
915 2391 1108 2463 secundum
1129 2393 1345 2465 amicabilem
1369 2391 1668 2488 compositionem,
1689 2389 1832 2462 ecclesie
1855 2385 1957 2459 fucrit

547 2511 770 2584 satisfactum.
789 2515 860 2586 Hec
880 2523 996 2588 autern
1013 2516 1198 2590 satisfactio
1218 2515 1294 2590 fieri
1322 2516 1426 2590 debet
1447 2517 1535 2589 infra
1558 2523 1626 2588 tres
1650 2535 1786 2586 menses
1805 2521 1883 2608 post
1903 2533 1955 2584 re·

547 2636 659 2709 ditum
681 2637 812 2711 domini
829 2638 980 2736 episcopi
1000 2649 1034 2712 et
1051 2639 1182 2714 domini
1204 2641 1247 2713 A.
1266 2641 1379 2715 fratris
1400 2640 1522 2737 prefati
1538 2639 1598 2732 A„
1616 2637 1672 2712 vcl
1696 2644 1773 2732 post
1793 2635 1957 2709 substitu-

547 2761 675 2834 tionem
688 2762 901 2836 Pataviensis
917 2763 1084 2861 episcopi,
1097 2767 1123 2836 si
1138 2765 1224 2839 forts
1236 2767 1389 2862 prefatus
1402 2765 1586 2860 opiscopus
1599 2783 1758 2834 reversus
1774 2781 1843 2832 non
1857 2757 1958 2830 fuerit

548 2909 629 2961 casu
654 2889 785 2961 mortis.
804 2889 1013 2962 Promissum
1038 2913 1179 2986 quoque
1202 2891 1266 2962 fuit
1287 2913 1333 2964 cx
1354 2900 1501 2984 utraque
1517 2897 1615 2984 parte
1631 2885 1772 2982 quodsi
1790 2885 1877 2957 forte
1898 2903 1959 2978 per

549 3011 678 3085 amicos
702 3010 921 3086 dominorum
941 3013 986 3087 de
1007 2993 1088 3086 Hals
1108 3023 1214 3087 staret
1227 3013 1323 3109 quod
1344 3013 1487 3086 ecclesie
1507 3011 1563 3084 vel
1584 3009 1810 3083 amicabiliter
1835 3005 1891 3080 vel
1914 3003 1958 3077 de

545 3138 624 3230 jure
648 3160 718 3238 non
744 3137 924 3210 satisfieret
944 3160 964 3210 a
981 3139 1122 3234 prefatis
1146 3139 1320 3210 nobilibus
1344 3146 1379 3210 et
1400 3137 1600 3210 hominibus
1625 3131 1847 3222 eorumdem,
1873 3152 1958 3226 pre-

548 3273 705 3335 taxatum
732 3271 881 3334 castrum
904 3263 1066 3358 episcopo
1084 3262 1141 3335 vel
1164 3263 1239 3354 ejus
1262 3263 1451 3334 successori
1472 3261 1648 3333 nominate
1668 3255 1812 3331 ecclesie
1832 3254 1956 3328 redde·

466 3473 469 3480 Ι
549 3396 654 3460 retur.
682 3385 718 3458 si
739 3407 822 3458 vero
844 3385 889 3459 de
907 3386 1082 3460 communi
1100 3407 1269 3460 consensu
1291 3387 1425 3459 illorum
1443 3387 1504 3458 Xll
1522 3386 1580 3458 vel
1598 3383 1737 3476 majoris
1754 3379 1860 3476 partis
1873 3377 1959 3451 anti·

550 3510 670 3582 cabilis
691 3509 892 3608 compositio
908 3521 943 3584 et
960 3511 1146 3584 satisfactio
1162 3510 1406 3604 intercesserit,
1422 3513 1494 3583 Deo
1508 3509 1632 3601 dane,
1649 3515 1798 3581 castrum
1820 3502 1960 3600 prefatis

551 3634 725 3707 nobilibus
747 3637 820 3707 sine
841 3635 1112 3709 contradictione
1134 3635 1289 3729 qualibet
1309 3635 1522 3710 redderetur.
1539 3632 1708 3706 Additum
1730 3650 1872 3726 qnoque
1896 3627 1960 3699 fuit

550 3759 647 3854 qnod
666 3759 696 3831 si
717 3761 801 3834 forte
818 3761 939 3834 ambos
962 3762 1082 3834 fratres
1104 3771 1301 3858 pretaxatos
1325 3771 1406 3834 ante
1428 3759 1695 3833 satisfactionem
1716 3753 1861 3828 ecclesie
1882 3773 1960 3848 pre·

551 3885 710 3960 standam
733 3887 947 3982 contingeret
972 3887 1159 3981 decedere,
1183 3891 1354 3986 prefatum
1375 3897 1526 3962 castrum
1550 3891 1740 3958 remaneret
1759 3881 1796 3954 in
1816 3877 1960 3977 predicti

551 4012 686 4084 comitis
709 4021 895 4108 potestate,
923 4010 1034 4084 donec
1058 4012 1203 4085 ecclesia
1222 4011 1463 4108 proprietatem
1488 4011 1524 4082 in
1551 4009 1609 4082 illo
1636 4015 1746 4080 castro
1771 4025 1809 4077 se
1835 4003 1961 4076 habere

551 4137 746 4210 ostenderet
763 4143 798 4208 et
815 4136 992 4232 probaret,
1011 4136 1108 4230 quod
1124 4139 1274 4232 prelatus
1293 4138 1337 4210 Α.
1359 4135 1578 4210 inficiabatur
1592 4133 1730 4230 penitus
1746 4139 1781 4202 et
1798 4127 1957 4222 negabat.

524 4245 534 4269 ⁴
553 4263 741 4335 Annexum
760 4260 825 4332 fuit
841 4261 981 4356 insuper
994 4259 1091 4354 quod
1104 4260 1134 4332 si
1154 4261 1323 4356 prefatum
1343 4261 1501 4333 comitem
1518 4257 1633 4330 medio
1649 4266 1804 4349 tempore
1821 4249 1961 4324 contin-

553 4399 648 4482 geret
664 4387 751 4458 forte
767 4386 868 4478 mori,
883 4385 1122 4458 ministeriales
1139 4387 1193 4458 sui
1211 4408 1359 4480 quornm
1376 4385 1518 4456 nomina
1536 4391 1618 4455 sunt
1635 4379 1842 4473 subscripta,
1856 4373 1961 4447 Hein-

547 4511 644 4582 ricus
672 4507 716 4581 de
741 4509 912 4604 Pfolinge,
935 4509 1141 4600 Palmarius‚
1162 4507 1385 4582 Percbtoldus
1407 4507 1452 4580 de
1474 4503 1695 4595 Stainbercb,
1722 4500 1891 4574 ttudottus
1918 4495 1962 4569 de

552 4633 837 4725 Wolchenbercb‚
856 4635 1035 4707 Gerhohus
1052 4633 1097 4707 de
1115 4635 1362 4728 fremelzberg,
1379 4633 1454 4704 libo
1470 4631 1515 4705 de
1531 4633 1618 4722 illos,
1638 4630 1730 4701 bona
1749 4625 1819 4698 fide
1837 4632 1871 4696 et
1887 4621 1962 4693 sine

553 4761 652 4851 dolo,
675 4759 900 4854 quantumin
924 4759 974 4832 eis
997 4769 1103 4850 esset,
1124 4759 1318 4831 laborarent
1341 4779 1430 4853 eque
1451 4757 1566 4829 omnia
1587 4753 1723 4826 effectui
1748 4747 1959 4844 mancipare.
