4330 5914
419 583 425 594 “
561 601 621 662 rao
1089 601 1261 664 nnnnror
1286 603 1453 666 snrrrnr
1785 607 1866 686 [all.
1886 593 1970 671 ram

564 733 764 816 Albertnm
783 731 919 816 fratres
937 735 986 816 de
1003 733 1095 817 Hals
1114 735 1332 847 multosque
1346 737 1442 821 alios
1460 737 1604 822 ibidem
1620 741 1838 824 nominatos
1855 742 1974 824 male-

563 867 745 973 factores,
765 891 810 948 eo
828 868 934 976 quod
952 895 1019 976 per
1045 893 1110 951 eos
1131 869 1287 952 ecclesia
1305 872 1535 955 Pataviensis
1558 873 1704 955 circiter
1721 899 1787 955 sex
1802 874 1972 959 millibus
2051 911 2054 914 ·

562 1025 780 1081 marcarum
798 1009 967 1109 tempore
985 1003 1234 1109 expeditionis
1252 1005 1531 1090 transmarinae
1543 1005 1786 1089 damnificata
1798 1006 1927 1090 luerit.

643 1239 730 1320 (Edlt
744 1239 792 1318 ap.
807 1239 938 1300 Monam.
949 1239 1051 1316 Belca,
1067 1245 1091 1302 t.
1104 1241 1221 1318 XXXI,
1237 1261 1305 1321 pars
1320 1254 1360 1320 1‘,
1370 1262 1398 1323 p.
1413 1253 1484 1321 510,
1499 1262 1516 1307 e
1530 1247 1797 1328 ood.Passnv.IIl,
1811 1249 1940 1326 10172.)

611 1455 793 1528 Heinricus
805 1457 866 1528 Dei
883 1458 993 1551 gretia
1010 1458 1241 1532 Romanorum
1255 1481 1331 1550 rex,
1352 1481 1488 1556 semper
1505 1470 1689 1555 augustus,
1705 1461 1868 1534 omnibus
1885 1459 1970 1534 tide·

562 1579 654 1651 libus
672 1580 747 1652 suis
761 1590 955 1676 presentem
978 1583 1141 1677 paginam
1158 1582 1363 1679 inspecturis
1381 1584 1526 1678 gratiam
1543 1607 1641 1658 suam
1661 1594 1695 1658 et
1708 1605 1810 1658 omne
1825 1584 1967 1657 bonnm.

562 1703 617 1776 nd
649 1703 883 1778 universitatis
910 1716 1024 1779 vestre
1054 1707 1209 1779 notitiam
1238 1709 1405 1804 presentis
1432 1708 1639 1782 certitudine
1663 1709 1780 1806 scripti
1813 1709 1971 1803 cupimus

562 1829 744 1923 pervenire
761 1831 857 1924 quod
878 1853 956 1902 cum
976 1854 1021 1904 ex
1041 1831 1203 1905 instantia
1229 1831 1344 1906 dilecti
1363 1843 1396 1906 et
1417 1835 1593 1907 familiaris
1616 1831 1782 1930 principis
1806 1833 1912 1906 nostri
1927 1831 1966 1904 G.

563 1954 662 2026 electi
668 1954 1013 2045 Pataviensis,laliter
1022 1957 1057 2028 in
1068 1965 1253 2052 conspectu
1261 1965 1378 2030 nostro
1387 1957 1590 2031 fuissetdnta
1596 1957 1763 2032 sententia
1771 1966 1811 2030 ut
1817 1957 1970 2050 singulas

563 2101 686 2152 causas
701 2101 781 2152 cum
798 2079 874 2152 aliis
893 2081 1054 2152 omnihus
1078 2081 1222 2156 ecclesie
1239 2103 1302 2156 sue
1321 2082 1420 2156 lactis
1437 2082 1474 2154 in
1492 2083 1558 2156 hoc
1576 2083 1651 2178 ipse
1672 2081 1798 2156 debeat
1810 2082 1971 2156 inchoare

564 2204 708 2276 articulo
727 2203 763 2275 in
789 2226 859 2299 quo
877 2203 1155 2300 predecessorem
1173 2228 1276 2280 suum
1294 2207 1353 2282 illa
1370 2208 1567 2282 constiterat
1584 2206 1775 2298 dimisisse;
1796 2206 1892 2280 idem
1910 2227 1970 2280 00-

564 2349 638 2398 ram
656 2327 756 2398 nohis
773 2327 1023 2420 querimoniam
1038 2328 1199 2424 deposuit
1211 2329 1257 2404 do
1270 2331 1391 2404 eastris
1405 2341 1440 2406 et
1452 2331 1729 2406 malefactoribus
1744 2331 1967 2424 quibusdam,

563 2472 711 2544 quorum
728 2452 868 2524 nomina
881 2453 1059 2526 subnotari
1073 2454 1230 2548 lecimus,
1243 2455 1340 2550 quod
1355 2477 1418 2552 per
1431 2478 1490 2528 eos
1503 2457 1637 2530 circiter
1649 2456 1707 2530 Vl.
1718 2457 1766 2528 M.
1778 2477 1970 2528 marcarum

562 2575 806 2672 dampnificata
818 2599 882 2650 sua
897 2587 987 2650 osset
999 2579 1156 2671 ecclesia,
1170 2591 1205 2652 et
1218 2581 1316 2677 petiit
1329 2591 1501 2676 quatenus
1515 2580 1708 2654 secundum
1721 2579 1971 2674 indulgentiam

563 2701 811 2793 crucesignatis
825 2723 847 2775 a
861 2703 1013 2776 Romana
1029 2704 1118 2778 Sede
1137 2725 1353 2797 concessam,
1374 2706 1440 2801 ipsi
1453 2707 1622 2800 Justitiam
1644 2705 1810 2778 exhibens
1832 2725 1971 2777 curare·

563 2847 653 2898 mus.
666 2827 708 2898 Et
718 2823 847 2924 [super]
858 2827 923 2900 heo
937 2828 1052 2900 omnia
1069 2851 1149 2902 cum
1161 2829 1398 2925 probabilibus
1409 2830 1571 2923 legitimis
1584 2829 1729 2904 testibus
1742 2849 1859 2902 coram
1871 2827 1972 2900 nobis

562 2954 798 3026 malefactores
814 2953 956 3028 eosdem
977 2956 1103 3048 pariter
1127 2963 1162 3028 et
1184 2967 1311 3046 castra,
1331 2957 1572 3030 nonobstante
1591 2977 1633 3030 eo
1648 2954 1746 3049 quod
1762 2955 1799 3026 in
1825 2953 1970 3027 Bavaria

563 3085 651 3148 terra
659 3078 1113 3174 nonextitimus,presertim
1122 3101 1201 3152 cum
1211 3081 1525 3175 crucesignatorum
1534 3080 1755 3176 privilegium
1762 3078 1969 3172 hanclegem

563 3200 745 3289 excludat,
774 3203 1031 3296 proscriptionis
1062 3205 1157 3298 regio
1185 3205 1354 3278 sententia
1375 3205 1454 3296 jure
1483 3205 1593 3280 coacti
1618 3202 1966 3298 condempnavimus,

563 3326 821 3398 universitatem
847 3335 996 3400 vestram
1019 3336 1199 3401 monentes
1221 3337 1326 3424 atque
1356 3329 1498 3403 tirmiter
1520 3327 1719 3404 mandando
1743 3327 1969 3422 precipientes

562 3459 733 3545 quatenus
750 3450 827 3522 illos
852 3449 1009 3522 similiter
1024 3461 1059 3523 et
1075 3461 1185 3526 castra
1204 3463 1243 3525 ut
1260 3463 1395 3528 nostros
1408 3475 1451 3526 ac
1471 3453 1607 3550 imperii
1627 3451 1837 3550 proscriptos
1856 3471 1969 3548 perse·

562 3575 699 3647 cutione
716 3582 828 3648 vestra
842 3595 911 3648 non
925 3554 1064 3649 cessetis
1082 3577 1289 3652 omnimodis
1307 3578 1524 3673 impugnare.

610 3701 681 3772 Hac
696 3709 777 3774 sunt
793 3701 935 3775 nomina
951 3723 1071 3774 eorum
1089 3704 1250 3778 Alramus
1268 3713 1303 3778 et
1324 3706 1429 3778 frater
1448 3707 1525 3798 ejus
1542 3702 1703 3778 Albertns
1722 3700 1768 3774 de
1784 3701 1883 3791 Hnls,
1903 3698 1968 3772 Al-

561 3825 679 3898 hertus
695 3823 741 3898 de
758 3823 845 3914 Ode,
869 3825 1063 3901 Fridericus
1085 3827 1131 3901 de
1149 3827 1264 3920 Grub,
1288 3830 1367 3902 Otto
1384 3827 1431 3902 de
1446 3827 1651 3920 Asenhaim,
1669 3823 1906 3920 Engelboldus
1924 3823 1968 3897 de

560 3951 812 4044 Tragenreute,
845 3949 1112 4044 Engolschalous
1144 3951 1189 4026 dc
1221 3953 1476 4048 Saeohsingen,
1513 3953 1694 4026 Heinricus
1727 3951 1773 4024 de
1799 3951 1965 4034 Prnnste,

560 4075 691 4171 llapoto
707 4085 743 4148 et
760 4074 853 4148 filius
870 4079 947 4168 ejus
964 4075 1009 4150 de
1026 4078 1241 4172 Heyzingen,
1262 4079 1431 4152 lrnlridus
1454 4079 1499 4154 de
1521 4077 1682 4170 Gortsne,
1706 4077 1883 4171 Duringus
1903 4075 1968 4146 Sa-

561 4200 737 4293 gittarius,
758 4200 958 4296 Nythardus
980 4212 1015 4276 et
1030 4201 1255 4276 Marchardus
1280 4203 1325 4276 de
1346 4201 1571 4296 Tageubach,
1588 4199 1814 4276 Marchardus
1835 4197 1964 4285 Schell,

559 4322 781 4396 Eberhardus
793 4322 838 4396 de
853 4322 1075 4416 Aesenhnim,
1093 4325 1288 4400 Fridericus
1304 4326 1407 4398 frater
1423 4325 1512 4416 ejus,
1532 4324 1712 4398 Heinricus
1726 4321 1772 4396 de
1786 4322 1963 4409 Asnhaim,

561 4449 739 4522 Ortwinus
754 4447 801 4522 da
823 4449 1015 4542 Yllmtade,
1045 4451 1226 4524 Hainricus
1252 4451 1416 4541 llurator,
1436 4449 1639 4545 lludegerus
1653 4447 1825 4538 Pedeme,
1844 4447 1966 4520 Chun-

562 4572 668 4645 radus
691 4572 737 4645 de
760 4569 1068 4648 Aentznchirichen
1089 4585 1125 4648 st
1139 4577 1245 4670 Tymo
1268 4577 1371 4648 trater
1395 4575 1484 4668 ejus,
1506 4577 1574 4649 Leo
1591 4574 1637 4648 do
1654 4572 1851 4668 Rogolling,
1873 4571 1965 4646 1100-

559 4700 653 4772 thelo
667 4698 714 4773 de
726 4701 896 4794 Sweiber,
915 4700 1041 4775 Albero
1055 4699 1101 4775 de
1116 4701 1322 4795 Phaisteten,
1340 4702 1543 4798 Egelbertus
1557 4691 1603 4776 de
1617 4699 1819 4796 Hiempach,
1842 4697 1965 4793 Engal·
