4466 5914
312 631 410 692 lrrnrcr.
429 627 475 691 ld
770 621 967 685 nlsrottra
990 620 1284 684 orabonarlca.
1668 623 1729 686 613

313 765 469 858 illustris,
490 763 537 837 ad
563 761 748 835 instantem
771 761 969 857 petitionem
996 760 1178 833 reverendi
1203 760 1240 832 in
1263 759 1396 833 Christo
1418 759 1526 856 patris
1549 761 1589 832 R.
1610 761 1726 834 Sancti

313 891 436 986 Angeli
450 887 588 964 diaconi
599 885 785 962 cardinalis
796 883 991 982 Apostolice
1003 884 1103 958 Sedis
1115 885 1218 980 legati
1231 885 1268 958 in
1284 885 1440 978 Francia,
1454 885 1595 977 signum
1612 886 1726 960 crucis

313 1015 556 1110 assumpsisset
576 1012 623 1085 ad
647 1009 918 1107 expugnandam
950 1009 995 1083 de
1024 1009 1130 1083 leudo
1157 1033 1221 1084 suo
1245 1009 1429 1084 hereticam
1457 1011 1662 1106 pravitatem
1692 1023 1727 1088 et

313 1137 536 1212 relevandam
555 1137 592 1208 iu
610 1157 653 1209 eo
670 1134 775 1209 iidem
796 1135 1105 1231 christianamque
1126 1135 1264 1230 penitus
1282 1133 1412 1208 ibidem
1438 1155 1514 1210 esse
1536 1136 1727 1211 dinoscitur

314 1263 494 1353 suffocata,
514 1261 560 1336 de
577 1259 720 1334 oonsilio
737 1269 854 1334 nostro
875 1269 910 1334 et
934 1261 1089 1333 omnium
1113 1281 1233 1332 eorum
1250 1259 1311 1354 qui
1331 1282 1410 1332 oum
1428 1281 1470 1333 eo
1487 1271 1585 1334 erant
1606 1285 1724 1336 cruce·

313 1386 458 1481 signati,
478 1385 675 1459 ordinatum
691 1393 744 1458 eet
759 1408 822 1481 per
836 1382 1045 1458 Avinionem
1064 1384 1213 1480 dirigere
1235 1385 1300 1458 iter
1317 1406 1421 1457 suum
1437 1395 1471 1458 et
1489 1395 1663 1476 nostrum,
1683 1409 1725 1462 eo

313 1509 410 1604 quod
428 1511 465 1582 in
483 1509 623 1584 feodum
641 1532 743 1583 suum
763 1510 905 1583 liberius
922 1517 957 1584 et
973 1509 1173 1604 expeditius
1185 1529 1289 1604 quam
1308 1531 1370 1606 per
1386 1510 1470 1583 alibi
1490 1511 1650 1585 transiret
1665 1535 1727 1608 per

316 1647 454 1733 pontem
478 1659 559 1710 cum
588 1637 744 1712 exercitu
771 1659 856 1728 suo,
878 1659 920 1710 eo
941 1636 1119 1732 potissime
1143 1636 1359 1709 considerato
1382 1635 1478 1730 quod
1501 1659 1581 1708 cum
1610 1638 1728 1713 adhuc

314 1772 404 1836 esset
420 1783 484 1834 rex
500 1761 535 1833 in
554 1762 708 1849 Francia,
720 1762 766 1834 ab
781 1760 866 1856 ipsis
883 1759 1178 1832 Arinioneusibus
1190 1781 1295 1854 super
1310 1757 1375 1834 hoc
1392 1760 1521 1854 pluries
1539 1762 1651 1834 luerat
1665 1785 1728 1837 ro-

314 1887 476 1980 quisitus.
496 1885 649 1958 Tandem
673 1907 736 1982 per
755 1885 962 1958 Avinionem
987 1883 1075 1956 sicut
1099 1883 1230 1956 dictum
1253 1893 1306 1957 est
1325 1883 1454 1956 direxit
1476 1885 1639 1959 dominus
1661 1909 1726 1961 rex

315 2011 378 2083 iter
394 2033 518 2102 suum,
540 2021 575 2084 et
599 2033 679 2083 cum
694 2011 766 2103 iam
787 2021 878 2084 esset
902 2010 938 2084 in
960 2009 1137 2107 procinctu
1158 2009 1308 2102 itineris,
1334 2020 1557 2083 occurrerunt
1573 2012 1606 2084 ei
1629 2013 1725 2109 apud

315 2135 514 2207 llontellom
531 2135 696 2232 hymardi
715 2134 768 2231 (t)
788 2135 855 2231 ipsi
871 2133 1145 2226 Avinionauses,
1167 2131 1308 2208 domino
1326 2134 1400 2229 regi
1421 2143 1456 2208 et
1474 2137 1642 2210 exercitui
1661 2159 1725 2212 suo

317 2281 377 2356 per
394 2260 488 2332 viam
507 2258 778 2333 Avinionensem
796 2259 977 2332 transitum
994 2259 1230 2356 promittentes
1246 2267 1282 2331 et
1296 2259 1342 2332 ab
1366 2259 1442 2354 ipso
1459 2261 1571 2354 legato
1594 2261 1724 2336 benefi-

315 2385 406 2456 cium
420 2385 646 2459 absolutionis
663 2385 830 2459 instanter
846 2386 1071 2482 postulantes.
1083 2383 1151 2469 Qui
1166 2384 1312 2456 libenter
1323 2393 1358 2457 et
1369 2383 1554 2458 liberaliter
1569 2388 1727 2482 promisit

315 2510 365 2583 eis
379 2508 584 2582 beneficium
603 2510 841 2602 absolutionis,
859 2519 996 2606 recepto
1016 2510 1062 2582 ab
1075 2509 1127 2581 eis
1140 2509 1337 2601 juramento
1353 2509 1450 2604 quod
1472 2519 1600 2583 starent
1621 2535 1727 2585 man·-

317 2635 397 2708 dato
420 2634 572 2708 Ecclesia
592 2645 627 2708 et
645 2635 742 2731 quod
766 2634 907 2708 domino
933 2633 1007 2729 regi
1037 2645 1072 2707 et
1093 2633 1261 2707 exercitui
1289 2655 1353 2706 suo
1379 2633 1527 2706 liberum
1555 2657 1617 2731 per
1640 2637 1725 2710 Avi·

316 2759 453 2832 niouem
478 2759 660 2832 transitum
685 2759 909 2850 exhiberent,
934 2769 968 2832 et
993 2759 1039 2833 ad
1065 2761 1227 2851 majorem
1254 2758 1470 2830 securitatem
1498 2759 1727 2855 promiserunt

315 2883 428 2956 eidem
445 2885 558 2979 legato
571 2882 711 2958 obsides
727 2907 766 2958 se
782 2886 936 2959 daturos.
956 2883 1041 2956 Cum
1060 2883 1165 2978 igitur
1179 2882 1341 2956 dominus
1355 2903 1420 2954 rex
1437 2893 1472 2956 et
1489 2905 1553 2956 nos
1568 2885 1613 2958 de
1625 2889 1726 2979 jura-

315 3008 439 3080 mentis
461 3017 495 3082 et
524 3009 703 3105 promissis
727 3031 847 3084 corum
875 3007 1015 3098 conlisi,
1043 3009 1120 3104 ipso
1144 3007 1203 3081 die
1229 3007 1445 3080 Pentecostes
1469 3007 1523 3104 (2)
1547 3011 1725 3084 venientes

314 3131 520 3206 Avinionem
548 3143 583 3208 et
606 3135 714 3208 libere
741 3135 886 3210 transire
915 3133 1095 3207 credentes
1123 3132 1270 3206 transire
1295 3153 1364 3204 non
1395 3133 1593 3228 potuimus,
1623 3134 1725 3209 dictis

314 3258 607 3334 Aninionensibus
624 3259 939 3334 contradicentibus
957 3269 992 3334 et
1007 3269 1125 3333 contra
1146 3259 1327 3356 prestitum
1342 3259 1576 3351 juramentum
1597 3269 1725 3336 temere

317 3385 546 3458 venientibus.
567 3386 811 3460 Verumtamen
828 3385 968 3460 obsides
988 3383 1225 3475 tradiderunt,
1243 3381 1305 3456 sed
1328 3403 1398 3455 non
1420 3405 1509 3478 quos
1524 3386 1580 3456 vel
1605 3387 1725 3481 quales

315 3510 560 3604 promiserant;
581 3510 645 3585 sod
671 3534 693 3586 a
711 3512 836 3605 juratis
858 3509 1145 3584 conventionibus
1173 3516 1263 3581 retro
1285 3507 1424 3604 penitus
1442 3507 1626 3600 abeuntes,
1646 3514 1728 3584 cui-

316 3632 397 3707 dam
413 3637 499 3730 parti
517 3636 691 3712 exercitus
709 3635 841 3712 domini
857 3635 949 3731 regis
965 3643 999 3708 et
1015 3635 1122 3708 nostri
1137 3655 1241 3728 quam
1262 3633 1407 3706 transire
1424 3633 1649 3728 permiserant
1665 3659 1727 3734 per

314 3767 455 3854 pontem
473 3761 627 3856 ligneum
644 3783 750 3857 quem
766 3771 867 3835 extra
880 3761 999 3834 villam
1018 3761 1170 3833 fecerant
1182 3767 1217 3832 ct
1230 3758 1372 3832 domino
1387 3758 1462 3853 regi
1478 3781 1519 3832 ac
1534 3759 1635 3832 nobis
1652 3761 1725 3835 vio·

315 3883 422 3957 tualia
442 3893 476 3958 et
495 3887 563 3960 alia
579 3887 717 3963 venalia
740 3897 859 3961 eontra
878 3885 1084 3984 promissum
1110 3883 1343 3978 denegarunt,
1360 3894 1394 3955 et
1416 3885 1533 3978 plures
1548 3883 1594 3957 de
1610 3907 1728 3958 cruce·

315 4009 461 4104 signatis
484 4011 746 4106 interfecerunt,
772 4023 807 4086 et
830 4021 970 4109 pontem
995 4011 1149 4106 ligneum
1173 4030 1277 4104 quem
1294 4009 1445 4081 fecerant
1467 4011 1724 4103 confregerunt,

315 4135 513 4210 nullalenus
531 4139 764 4234 permittentes
781 4135 877 4232 quod
895 4135 1122 4230 crucesignati
1139 4155 1228 4229 quoe
1244 4131 1415 4207 Avinione
1432 4155 1496 4230 per
1515 4143 1655 4230 pontem
1679 4137 1729 4208 li-

314 4281 445 4354 gneum
464 4262 653 4357 proditiose
668 4263 812 4335 transire
829 4261 1067 4358 permiserant,
1084 4268 1224 4356 possent
1239 4259 1283 4334 ad
1302 4257 1492 4333 exercitum
1507 4261 1646 4353 reverti,
1663 4284 1727 4336 nec

317 4393 451 4458 nostros
465 4385 511 4460 ad
525 4385 602 4460 illos
614 4387 676 4482 qui
693 4387 896 4461 transierant
909 4387 1029 4460 venire
1047 4384 1305 4482 permittebant,
1324 4383 1476 4481 dampna
1495 4383 1636 4460 domino
1654 4389 1728 4483 regi

349 4674 384 4748 (l)
404 4676 513 4736 Scilicet
523 4679 804 4739 ureret-Attenuare
818 4680 1035 4756 (Mooulimortt.

351 4773 388 4848 (2)
406 4775 437 4832 ln
451 4775 502 4834 hoc
512 4775 637 4836 videlicet
650 4795 735 4850 anno,
750 4781 768 4835 7
775 4778 856 4853 junii.
