4330 5914
559 567 619 628 '126
1086 574 1260 638 llElt'lllCl
1285 579 1453 640 sse'rtttt
1784 580 1864 658 [dxv.
1885 581 1977 644 test·

559 703 722 777 eumdem
741 714 811 778 tam
828 715 943 780 vestra
960 731 1064 804 quam
1085 721 1202 787 nostra
1227 717 1430 790 auctoritate
1454 713 1501 788 de
1521 715 1698 810 regalibus
1713 715 1789 788 sive
1803 725 1968 812 tempora·

559 827 651 902 libus
668 829 885 926 episcopatus
908 832 1214 912 Hildesheimcnsis
1236 849 1273 912 et
1288 841 1385 913 omni
1400 840 1531 914 honore
1545 861 1651 936 quem
1667 842 1724 913 sui
1741 849 1969 916 antecessores

559 953 605 1028 de
616 955 725 1050 gratia
738 956 872 1052 imperii
884 957 1041 1050 ejusdcm
1054 961 1276 1060 episcopatus
1291 965 1424 1038 ratione
1441 973 1638 1056 tenuerunt,
1659 965 1912 1038 investivimus.
1922 967 1968 1038 Ea

557 1089 697 1176 propter
722 1082 994 1157 amantissimam
1022 1088 1260 1180 paternitatem
1291 1099 1442 1164 vestram
1468 1089 1730 1184 diligentissime
1759 1089 1920 1184 cupimus
1949 1113 1969 1162 a

559 1205 660 1278 nohis
672 1215 851 1280 exoratam
862 1229 956 1300 esse,
976 1219 1016 1282 nt
1030 1210 1151 1286 divine
1166 1213 1401 1290 retributionis
1417 1215 1562 1308 iutuitu,
1583 1223 1698 1287 nostre
1715 1235 1855 1310 quoqne
1868 1215 1969 1287 iuter-

558 1331 732 1403 vsritiuuis
748 1341 919 1429 respectu,
937 1335 1142 1432 quodcirca
1162 1347 1450 1436 prememoratum
1472 1347 1628 1413 nostrum
1643 1339 1809 1414 devotum
1827 1341 1970 1413 electum

561 1457 715 1529 consulte
742 1458 886 1534 fecimus
907 1469 941 1534 et
961 1463 1074 1555 juste,
1095 1465 1280 1560 magnifico
1302 1464 1506 1540 confirmare
1528 1473 1564 1539 et
1583 1465 1698 1562 ipsum
1723 1487 1804 1537 cum
1831 1465 1971 1538 ecclesia

560 1602 625 1654 sua
646 1582 683 1654 in
705 1596 819 1658 vestre
840 1589 1029 1682 majestatis
1047 1593 1293 1686 protectionem
1315 1593 1470 1689 recipere
1486 1591 1697 1686 dignemini,
1716 1599 1752 1664 et
1769 1591 1817 1662 ita
1834 1611 1914 1662 eum
1936 1589 1970 1660 in

562 1706 634 1780 suis
647 1710 870 1806 petitionibus
882 1715 1033 1788 audiatis
1046 1725 1087 1790 ut
1101 1717 1254 1790 savorem
1267 1727 1303 1792 et
1315 1739 1435 1816 preces
1446 1719 1562 1814 regias
1572 1716 1639 1790 sibi
1653 1717 1779 1789 sentiat
1790 1716 1968 1812 proluisse.

798 2045 1743 2059 -ss—--fflffl

382 2355 516 2414 intumos
618 2327 819 2435 Esuriens,
838 2329 1099 2412 Romanorum
1117 2356 1197 2434 rex,
1219 2329 1425 2413 Heuricum
1450 2330 1636 2414 Saxoniae
1658 2331 1794 2413 ducem
1808 2337 1919 2439 rugat
1935 2335 1976 2410 ut

376 2415 409 2455 vel
420 2413 518 2466 octobri.)

565 2463 830 2546 ministeriales
848 2463 1026 2546 ecelesiae
1045 2464 1368 2548 Hildeshemeusis
1388 2465 1563 2549 Conrado
1576 2465 1698 2548 'electo
1719 2461 1977 2548 conuudieen-

565 2609 623 2681 tes
641 2599 691 2682 ad
708 2599 947 2682 devotionem
965 2611 1003 2682 et
1019 2625 1152 2710 paoem
1169 2601 1349 2686 iuducere
1367 2603 1541 2710 studeat,
1566 2601 1638 2684 sibi
1657 2601 1752 2711 quid
1774 2623 1889 2708 super
1907 2597 1976 2678 hoe

566 2734 685 2845 egerit
697 2734 963 2844 rescripturus.

647 2949 747 3032 (Edtd.
763 2953 890 3032 Senam,
907 2949 1024 3034 Oricia.
1040 2949 1149 3034 Gany„
1164 2959 1188 3016 t.
1203 2954 1258 3027 111,
1269 2969 1300 3032 p.
1317 2961 1389 3028 cst,
1403 2962 1437 3014 ιι·
1453 2961 1520 3026 ιιι,
1534 2968 1574 3014 ax
1586 2951 1737 3030 diplomat
1747 2947 1883 3010 lltldeus.
1893 2947 1976 3008 MSS.

686 3059 733 3120 ct.
747 3061 923 3136 Susanusr,
944 3059 1078 3122 iliadem.
1093 3057 1197 3136 litter,
1211 3067 1235 3122 t.
1251 3061 1282 3138 1,
1297 3079 1325 3140 p
1346 3060 1425 3140 ιιι.)

617 3247 661 3316 H.
683 3247 744 3319 Dei
766 3245 878 3341 gratia
899 3247 1131 3321 Romanorum
1149 3269 1213 3321 rex
1236 3247 1362 3322 dilecto
1383 3247 1641 3340 consanguineo
1662 3266 1727 3318 suo
1749 3245 1791 3316 H.
1811 3241 1894 3316 duci
1914 3241 1978 3337 (t).

571 3370 713 3444 Noverit
733 3382 792 3444 tna
811 3371 950 3445 dilectio
970 3373 1066 3468 quod
1085 3371 1255 3447 accedens
1275 3373 1322 3446 ad
1342 3381 1494 3448 nostram
1516 3393 1698 3468 personam
1719 3369 1865 3443 dilectus
1890 3367 1983 3464 priu-

571 3515 655 3590 ceps
675 3493 853 3568 Conradus
881 3495 1188 3570 Hildesheimensis
1214 3497 1398 3594 episcopus
1423 3519 1445 3571 a
1471 3503 1588 3570 nostra
1611 3493 1793 3568 serenitate
1815 3491 1982 3586 regalium

570 3619 789 3716 episcopatus
806 3620 1112 3696 Hildcsheimcnsis
1129 3621 1369 3695 investituram
1385 3619 1579 3695 secundum
1595 3617 1765 3714 justitiam
1787 3627 1824 3690 et
1838 3637 1982 3690 consue·

572 3745 728 3818 tudinem
752 3747 888 3844 imperii
911 3748 1033 3844 petivit
1054 3749 1233 3821 instanter.
1253 3747 1450 3844 Propositus
1472 3746 1576 3819 etiam
1598 3755 1633 3818 et
1656 3743 1810 3818 decanus
1826 3763 1868 3816 ac
1890 3739 1983 3835 eapi-

572 3871 683 3944 tulum
713 3872 1009 3946 Hildesheimense
1034 3895 1097 3969 per
1123 3874 1253 3946 litteras
1273 3881 1308 3946 et
1330 3873 1470 3946 nuntios
1492 3893 1574 3945 suos
1597 3869 1665 3944 hcc
1685 3869 1719 3943 ei
1741 3867 1817 3944 fieri
1839 3891 1861 3942 a
1882 3865 1982 3938 nobis

573 3995 700 4071 devota
707 3998 943 4092 ‘postulabant
957 3997 1107 4093 eoquod
1119 3999 1164 4071 ab
1178 3999 1263 4096 ipsis
1274 3997 1489 4072 concorditer
1498 4005 1533 4071 et
1544 3995 1711 4070 canonice
1723 3995 1845 4068 luisset
1857 3991 1985 4066 electus

573 4133 609 4196 et
624 4144 645 4195 a
660 4144 725 4196 suo
739 4123 998 4221 archiepiscopo
1013 4125 1166 4220 legitime
1183 4124 1403 4200 confirmatus
1419 4123 1489 4222 (2),
1506 4123 1596 4198 sicut
1609 4123 1721 4198 littere
1736 4120 1847 4218 ipsius
1861 4117 1908 4192 ad
1924 4135 1986 4188 nos

611 4433 648 4508 (ι)
667 4435 774 4492 Scilicet
785 4435 941 4508 Samonium
953 4435 988 4493 de
1000 4451 1055 4510 quo
1066 4451 1149 4510 supra
1160 4436 1189 4492 iu
1200 4435 1377 4511 praecedente
1389 4435 1560 4495 documento.

609 4531 646 4606 (ι)
664 4533 762 4590 Extant
772 4533 806 4591 de
817 4533 869 4593 hac
882 4549 911 4592 re
924 4533 993 4592 duae
1010 4535 1122 4593 lionorii
1140 4549 1227 4609 papae
1243 4533 1371 4609 epistolae
1385 4551 1392 4590 :
1407 4534 1481 4609 prior
1501 4531 1703 4607 archiepiscopo
1721 4525 1919 4602 llossuntinenai
1938 4523 1987 4580 di·-

571 4635 658 4702 rccta,
673 4647 728 4706 quia
746 4631 904 4692 electionem
919 4633 1035 4692 conradi
1049 4639 1078 4691 et
1089 4633 1318 4693 confirmationem
1336 4639 1410 4692 ratas
1420 4631 1503 4690 habet
1516 4649 1524 4690 ι
1539 4631 1594 4690 dat.
1610 4627 1748 4700 Laterani,
1766 4626 1804 4686 111
1821 4639 1904 4684 nonos
1922 4639 1984 4697 sep·

571 4727 697 4801 tembris,
711 4729 882 4803 pontttcatm
892 4747 962 4788 nnuc
980 4737 1056 4790 sexto
1075 4733 1100 4805 (3
1111 4731 1244 4806 septemb.
1259 4731 1355 4806 atet),
1369 4731 1454 4790 altera
1468 4727 1687 4790 ministerialibus
1702 4725 1831 4784 ecelesim
1849 4723 1985 4780 llildcnse·
