4326 5910
556 591 617 654 800
1078 583 1248 646 lllllilildl
1273 585 1438 648 suurltit
1773 585 1853 670 [An.
1874 587 1959 649 titt

559 725 803 800 confirmamus
818 720 1021 798 auctoritate
1041 720 1168 816 regali,
1196 729 1232 794 et
1253 722 1479 794 instrumento
1502 721 1651 817 presenti
1669 721 1961 817 nostriquesigilli

559 849 751 924 munimine
764 848 979 921 roboramus.

608 976 731 1046 Datum
759 971 853 1067 apud
879 966 1101 1060 Numbercb,
1130 986 1223 1040 auno
1246 965 1384 1040 Domini
1415 963 1628 1059 uccxxw,
1660 965 1852 1041 indictione
1877 967 1959 1058 Xll,

559 1095 694 1172 docimo
709 1095 875 1168 lralendas
890 1093 1042 1184 augusti.
1059 1089 1183 1163 Amen

367 1770 519 1880 offis.
610 1740 816 1848 Henricus,
849 1739 1109 1824 Romanorum
1134 1765 1220 1846 rex,
1254 1740 1294 1821 iu
1325 1739 1537 1849 praeseutia
1556 1740 1771 1850 principum
1791 1741 1956 1852 imperii,

556 1872 819 1957 Eberhardum
842 1873 1164 1983 archiepiscopum
1191 1871 1505 1983 Solzburgeusem
1528 1873 1727 1956 denuntiet
1743 1873 1960 1958 absolonum

557 2005 606 2088 ab
632 2007 863 2116 impetitione
888 2004 1082 2088 bertholdi
1104 2003 1709 2114 comitisdeGraiiesbachsuper
1725 2007 1961 2114 possessione
2143 2019 2144 2050 ¹

556 2139 670 2220 castri
687 2146 725 2221 ct
740 2139 932 2220 redituum
947 2137 989 2218 iu
1006 2135 1149 2221 Matrei.

634 2379 798 2456 (Memorat.
811 2379 958 2456 etpnrttnr
975 2377 1047 2439 edlt.
1060 2393 1109 2454 ap.
1124 2377 1327 2451 limenun,
1340 2373 1505 2439 Nociricltt
1515 2375 1719 2450 meletenia,
1730 2395 1762 2456 p.
1774 2386 1851 2452 act,
1865 2384 1896 2438 ct
1908 2393 1954 2454 ap.

674 2485 791 2560 Caum,
805 2480 1063 2564 Notumtluttfiu
1078 2480 1275 2546 carmen.
1290 2479 1455 2563 putido,
1472 2488 1578 2561 regest.
1590 2482 1957 2559 manuteneres-1203

675 2607 714 2652 ex
726 2591 811 2653 MSS.
822 2593 871 2652 cut
883 2591 988 2653 titulus
1003 2587 1125 2652 decus
1136 2587 1313 2652 memte.
1325 2585 1423 2652 saca
1437 2585 1700 2666 amouere.)

604 2801 790 2902 [ilenrieus
810 2803 874 2878 Dei
897 2803 1007 2900 gratia
1026 2803 1257 2878 Romanorum
1274 2823 1338 2876 rex
1356 2811 1391 2876 et
1407 2823 1543 2900 semper
1563 2811 1753 2897 augustus,
1772 2799 1857 2901 etc]
1874 2801 1958 2875 Cum

554 2947 707 2998 essemus
742 2925 837 3022 apud
864 2925 1095 2998 Nuremberob
1121 2927 1158 2998 iu
1183 2927 1362 3021 sollempni
1392 2925 1487 2999 curia
1515 2926 1712 3018 constituti,
1742 2925 1959 3022 presentibus

555 3049 680 3120 talibus
704 3048 836 3144 imperii
855 3049 1087 3144 principibus,
1106 3049 1267 3123 videlicet
1286 3050 1478 3123 Coloniensi
1497 3045 1559 3148 [et]
1577 3050 1770 3123 Trevireusi
1786 3049 1960 3145 archiepi-

556 3173 686 3266 scopis,
708 3173 870 3263 liciensi,
890 3173 1144 3268 Ratisponensi,
1170 3173 1384 3264 pataviensi,
1406 3173 1628 3264 Frisingensi,
1652 3172 1861 3269 Augusteusi
1886 3171 1959 3267 epi·

555 3297 682 3390 scopis,
697 3296 841 3368 Bovarie
854 3305 889 3367 et
904 3295 1041 3369 Austris
1057 3295 1207 3369 ducibus
1221 3309 1257 3370 et
1270 3297 1347 3369 aliis
1361 3297 1495 3392 imperii
1509 3298 1741 3390 magnatibus,
1756 3295 1959 3369 Bertholdus

557 3441 671 3492 comes
699 3418 744 3492 de
767 3419 987 3492 Graiiesbach
1015 3431 1135 3493 contra
1163 3420 1327 3493 dilectum
1351 3429 1387 3493 et
1417 3419 1553 3493 lidelem
1583 3421 1774 3516 prinoipem
1803 3429 1959 3492 nostrum

557 3543 859 3637 Salzeburgeusem
873 3543 1168 3639 archiepiscopum
1183 3542 1420 3616 Eberhardum
1433 3544 1611 3639 proposuit
1623 3566 1738 3618 coram
1750 3544 1850 3616 uobis
1863 3541 1959 3637 quod

558 3667 672 3762 ipsum
687 3689 706 3738 a
725 3667 939 3762 possessione
952 3667 1053 3738 castri
1067 3676 1102 3739 et
1117 3665 1292 3739 redituum
1311 3666 1347 3738 iu
1361 3667 1493 3756 Matrei,
1508 3687 1577 3759 que
1594 3667 1642 3739 ad
1660 3689 1698 3739 se
1714 3666 1883 3763 pertinere
1897 3664 1959 3738 di-

558 3791 675 3876 cebat,
689 3789 827 3882 ejecerit
845 3790 1030 3880 violenter,
1047 3799 1126 3861 aute
1149 3789 1217 3862 litis
1240 3791 1433 3882 ingressum
1451 3811 1489 3862 se
1505 3789 1638 3860 restitui
1662 3787 1881 3884 postulando.
1902 3787 1958 3860 ild

557 3914 653 4009 quod
667 3914 842 4010 predictus
857 3913 1148 4008 archiepiscopus,
1162 3923 1240 4009 post
1254 3913 1380 3985 multas
1397 3913 1619 4008 exceptiones
1634 3935 1698 4007 per
1717 3933 1803 4006 quas
1821 3911 1959 3984 volebat

553 4037 725 4131 judicium
745 4037 933 4126 declinare,
952 4035 1195 4129 respondendo
1214 4035 1393 4130 proposuit
1411 4057 1457 4106 ex
1479 4034 1627 4107 adverso
1647 4033 1743 4127 quod
1764 4033 1846 4106 olim
1861 4031 1958 4128 apud

556 4161 747 4255 Angustam
758 4180 872 4232 coram
883 4159 964 4232 dive
973 4157 1221 4231 recordatiouis
1229 4159 1388 4254 Philippo
1396 4159 1627 4232 Romanorum
1635 4179 1728 4250 rege,
1741 4157 1958 4254 presentibus

556 4285 770 4382 principibus
786 4284 822 4354 iu
842 4283 938 4358 curin
957 4305 1021 4356 sue
1037 4283 1219 4378 solempni,
1237 4282 1283 4354 ab
1300 4281 1422 4356 eodem
1439 4281 1563 4356 comite
1580 4281 1617 4353 iu
1634 4281 1795 4355 eumdem
1814 4279 1958 4354 modum

555 4418 589 4480 et
602 4431 705 4504 super
722 4407 843 4482 eodem
855 4417 1046 4480 conventus
1062 4407 1140 4495 luit,
1160 4416 1195 4479 et
1212 4427 1274 4501 per
1290 4404 1500 4479 advocatum
1514 4405 1670 4498 ejusdem
1687 4403 1821 4477 comitis
1834 4403 1957 4477 similia

554 4531 694 4604 omnino
712 4533 887 4628 proposita
907 4533 1047 4604 inerunt
1064 4539 1180 4602 contra
1201 4529 1337 4624 ipsum,
1357 4537 1393 4602 et
1408 4529 1550 4603 demum
1566 4527 1613 4602 do
1630 4527 1804 4602 communi
1821 4537 1857 4600 et
1871 4547 1958 4599 oon-

554 4653 842 4752 eordilseuteutia
870 4655 1063 4751 principum
1089 4677 1110 4728 a
1135 4654 1195 4728 toli
1219 4653 1384 4750 petitione
1409 4653 1543 4728 comitis
1567 4650 1759 4749 supradicti
1781 4650 1849 4724 luit
1873 4649 1956 4724 dic-
