4324 5912
669 595 795 658 lubun
821 595 1169 660 noconenionon.
1565 592 1626 656 973

206 797 343 920 Q

633 935 724 990 novat
740 935 771 990 et
785 927 941 992 eonfirmat
953 931 1140 1010 privilegium
1154 946 1173 991 a
1186 945 1217 990 se
1230 929 1295 1006 ipso
1307 933 1380 988 tuno
1392 942 1461 1006 rege
1475 925 1626 1004 quondam

633 1026 799 1100 indultum,
815 1028 954 1090 videiioet
972 1036 1007 1090 ut
1019 1030 1198 1106 quidamque
1215 1025 1328 1104 aliquid
1347 1025 1386 1085 de
1404 1023 1490 1084 bonis
1509 1025 1624 1102 imperii

632 1123 762 1200 possidet
774 1125 894 1186 nomine
906 1124 1000 1199 feudi,
1014 1125 1046 1185 id
1057 1131 1199 1204 nuquam
1208 1125 1360 1202 proprium
1374 1126 1537 1183 maorato
1548 1121 1626 1182 hos-

633 1221 716 1298 pitaii
729 1219 818 1282 iibere
831 1222 964 1284 eonferra
978 1223 1086 1284 valeat.
1355 1254 1359 1270 ·
1565 1227 1624 1279 294

225 1323 238 1376 1
262 1314 319 1376 191).
405 1307 530 1389 Capuae
594 1349 634 1362 -
654 1319 869 1380 Monasterium
883 1321 920 1381 de
933 1320 1123 1381 Waidsassen
1137 1334 1206 1380 oum
1219 1317 1356 1378 omnibus
1364 1315 1448 1378 bonis
1460 1319 1524 1396 ejus
1538 1333 1625 1394 prue-

633 1415 768 1478 sentibus
776 1415 921 1478 etitrturis
930 1417 985 1480 sub
996 1435 1051 1479 sus
1059 1417 1211 1494 etimperii
1220 1417 1401 1492 protectione
1410 1416 1544 1492 suscipit.
1566 1423 1624 1476 296

222 1519 240 1572 ὁ
261 1510 321 1572 ieb.
407 1501 531 1582 Capuae.
592 1541 634 1558 -
651 1512 835 1574 Sententiam
852 1516 884 1574 iu
900 1517 983 1576 ouria
997 1531 1050 1576 sua
1065 1515 1157 1576 iatam
1170 1513 1302 1590 publicat
1315 1512 1396 1591 quod
1409 1528 1495 1574 nemo
1509 1511 1625 1575 oiiieie-

631 1613 730 1670 torum
744 1611 808 1672 sine
820 1627 965 1674 consensu
984 1613 1124 1689 principis
1143 1611 1321 1673 substituere
1338 1611 1431 1688 possit
1448 1609 1624 1672 suboiiioia-

631 1711 766 1770 tumuao
777 1709 890 1788 aliquid
903 1710 940 1770 de
953 1709 1042 1771 rebus
1055 1711 1196 1787 principis
1209 1711 1373 1786 disponere.
1564 1717 1622 1768 297

206 1801 336 1866 februar.
404 1793 531 1874 019999·
591 1835 632 1850 -
652 1804 813 1868 Confirmat
833 1808 922 1870 Petro
941 1810 1077 1886 episeopo
1095 1807 1271 1868 Massiliensi
1286 1805 1419 1867 obmmm
1433 1806 1471 1866 de
1480 1807 1623 1883 jurisdic-

630 1905 710 1966 tione
727 1911 757 1966 et
772 1903 958 1968 libertatibus
974 1908 1087 1968 mutuis
1105 1921 1175 1966 eum
1195 1903 1358 1966 rectoribus
1375 1909 1406 1964 et
1419 1905 1528 1982 popuio
1547 1907 1623 1966 oisi-

630 2003 700 2064 tatis
721 2004 932 2065 vioeeomitsiis
953 2003 1145 2066 Massiliensis
1162 2003 1201 2065 ab
1220 2002 1323 2064 eodem
1342 2003 1619 2082 episcoporum,

631 2102 716 2176 ouius
729 2104 815 2162 tenor
827 2102 859 2161 in
872 2101 1025 2180 privilegio
1038 2101 1184 2180 imperiali
1196 2099 1411 2162 bausoribitur.
1561 2111 1620 2164 299

208 2196 338 2260 iebruar.
383 2187 419 2248 Io
433 2189 555 2252 duna
591 2229 630 2244 -
650 2197 830 2260 biouasterio
843 2199 969 2260 Sanctae
982 2198 1094 2260 Mariae
1111 2199 1223 2260 Montis
1234 2198 1368 2277 Virginis
1382 2196 1537 2262 ooniirmat
1553 2217 1619 2264 om·

402 2269 527 2348 culm
629 2296 680 2356 nia
692 2311 769 2372 quae
782 2313 821 2357 ex
839 2299 1025 2358 oonoessione
1037 2299 1181 2358 comitum
1197 2303 1228 2357 et
1240 2295 1386 2357 baronum
1400 2297 1533 2360 Gisualdi
1549 2315 1620 2360 neo·

628 2409 690 2454 nou
703 2401 734 2455 et
751 2393 898 2456 baronum
915 2396 1019 2456 Petrae
1036 2395 1178 2456 Puieinae
1193 2395 1289 2456 eidem
1308 2394 1423 2455 indulta
1439 2395 1574 2468 fuerunt,
1591 2402 1621 2457 et

628 2491 792 2552 elausuiam
812 2487 890 2552 solvo
911 2489 1051 2552 mandute
1068 2499 1097 2553 et
1118 2489 1300 2552 ordinatiore
1318 2499 1419 2553 nostro
1438 2509 1457 2554 a
1474 2495 1621 2570 praesenti

627 2589 779 2669 privilegio
791 2595 934 2650 removet.
1445 2599 1501 2652 909
1518 2596 1619 2652 91994

204 2687 337 2753 februar.
400 2685 525 2766 Capuae.
589 2719 629 2734 -
647 2687 697 2748 Ad
710 2687 953 2764 supplieationem
970 2685 1088 2748 Ottonis
1105 2689 1263 2764 praepositi
1279 2687 1417 2749 eeclesiae
1430 2689 1530 2750 Sancti
1550 2689 1620 2750 Ser·

627 2787 700 2847 vetii
718 2785 929 2862 Traieeteusb,
945 2787 1082 2859 innovat,
1097 2783 1251 2846 eouiirmut
1264 2791 1294 2845 et
1310 2786 1414 2846 inserit
1433 2787 1619 2865 privilegium

627 2883 746 2944 lienrioi
760 2883 857 2960 quinti
874 2884 951 2962 regie
966 2883 1179 2955 Romanorum,
1195 2897 1255 2960 quo
1268 2883 1423 2943 eeclesiam
1437 2883 1618 2944 Ludenaken

626 2985 714 3042 sitam
727 2983 759 3042 in
767 2995 845 3060 pago
857 2980 1024 3042 Hasbuniue
1036 2981 1108 3042 huie
1123 2980 1261 3042 eeclesiae
1269 2979 1349 3041 idem
1363 2997 1416 3040 rex
1429 2980 1577 3060 delegavit
1589 2989 1619 3042 et

626 3082 749 3140 remisit.
1558 3088 1615 3140 905

205 3177 335 3241 iebruar.
396 3178 521 3259 Capuae.
586 3210 628 3222 -
646 3177 794 3238 Eeeiesiae
807 3175 908 3239 Sancti
920 3175 1046 3237 Servatii
1059 3175 1240 3252 Trajeeteusi
1253 3174 1389 3236 eoncedit
1401 3180 1431 3235 et
1443 3175 1535 3236 donat
1547 3193 1617 3254 per·

625 3281 714 3353 petuo
731 3275 939 3352 possidendam
956 3273 1117 3352 quamdam
1135 3289 1235 3334 aream
1252 3274 1340 3334 sibus
1356 3289 1446 3352 prope
1463 3273 1617 3337 ecelesiam

625 3378 831 3451 memoratam,
844 3371 935 3432 nuliis
948 3372 1064 3450 imperii
1072 3369 1177 3460 usibus
1188 3369 1371 3452 deputatam,
1381 3387 1448 3432 oum
1456 3373 1618 3450 parietibus

625 3471 741 3548 siquae
754 3470 852 3530 adbuc
863 3469 974 3530 ibidem
986 3471 1128 3531 eminent.
1558 3483 1615 3536 tbi

204 3567 335 3634 iebruar.
351 3571 410 3650 Ap.
427 3570 569 3652 Capuam.
585 3595 626 3612 ·-
645 3567 693 3628 Ad
706 3569 877 3644 petitionem
890 3567 1004 3628 siberti
1017 3566 1277 3646 magdeburgensis
1292 3567 1501 3646 mebiepisoopi
1516 3576 1546 3632 et
1559 3573 1615 3633 im·

624 3667 698 3744 perti
711 3665 812 3744 legati,
826 3665 964 3726 ecelesiae
978 3666 1103 3726 senene
1115 3665 1227 3726 Mariae
1240 3667 1365 3743 inportu
1370 3666 1537 3730 Ravennati
1548 3685 1619 3733 om-

624 3765 675 3824 nia
688 3763 767 3824 bona
777 3777 813 3823 ao
826 3762 978 3840 privilegia
991 3761 1147 3824 oouiirmat
1157 3767 1188 3823 et
1199 3779 1279 3823 noua
1288 3764 1409 3841 iusuper
1422 3763 1516 3826 addit.
1560 3773 1617 3827 999

203 3859 333 3924 februar.
350 3861 409 3941 Ap.
428 3861 571 3927 Sanctum
585 3892 626 3904 -
642 3861 771 3930 iohanni
780 3859 881 3920 abbati
889 3857 1620 3942 monasteriisanotaeMariaeMontisVlrginisres·

364 3943 555 4009 flitmum·
624 3960 706 4020 tituit
715 3963 746 4018 at
754 3956 910 4019 eoniirmat
921 3958 1095 4036 generaliter
1103 3956 1249 4034 quaedam
1258 3958 1618 4038 privilegiaupurentibus

625 4055 785 4118 suiseidem
792 4053 1340 4116 monasterioindnitaetsibiabeodem
1347 4059 1617 4136 monasteriojuxta

623 4154 797 4214 mandatum
810 4154 843 4213 iu
857 4155 938 4215 ouria
950 4153 1089 4230 Capuam
1101 4154 1219 4214 11091199
1227 4153 1448 4235 promulgatum
1458 4158 1615 4236 resignata,

623 4271 713 4331 super
724 4253 909 4314 libertatibus
923 4260 953 4314 et
965 4253 1203 4315 immunitatibus
1216 4255 1348 4334 eiusdem
1361 4255 1511 4319 eeclesiae.
1558 4267 1616 4320 919

200 4349 331 4415 februar.
348 4354 404 4432 Ap.
426 4354 568 4418 Sanctum
583 4381 623 4396 -
643 4349 765 4410 Petrum
779 4350 947 4426 episeopum
965 4349 1152 4410 Bibiueusem
1168 4349 1311 4429 (Bovium)
1332 4357 1363 4412 et
1380 4351 1533 4414 seelestam
1551 4357 1617 4432 aius

361 4435 553 4500 smmum.
622 4449 654 4506 in
665 4462 720 4508 sua
731 4447 851 4523 speciali
862 4449 1041 4523 protectione
1055 4449 1169 4525 recipit,
1180 4449 1266 4525 eique
1279 4450 1407 4510 restituit
1420 4453 1450 4510 et
1463 4447 1618 4513 ooussrmst

622 4543 775 4620 privilegia
795 4543 872 4620 regis
892 4543 1030 4620 Rogerti,
1051 4541 1175 4604 lioberti
1196 4546 1313 4605 comitis
1330 4545 1467 4607 Loreteili
1489 4551 1519 4608 et
1539 4549 1617 4628 regis

622 4640 1116 4720 uuillelmiseeuudi,quae1uxu
1135 4641 1310 4703 mandatum
1328 4645 1361 4704 in
1378 4647 1460 4706 euna
1475 4646 1617 4726 Capuam

623 4739 842 4819 promulgatum
850 4739 888 4800 de
897 4741 1082 4820 resignandis
1090 4742 1315 4821 privilegiissibi
1324 4745 1535 4823 resignaverat.
1558 4757 1615 4810 919
