4330 5914
529 581 589 644 688
941 589 944 596 '
1025 581 1237 642 lllllllElllCl
1262 583 1434 644 securint
1749 585 1829 660 [Aru.
1851 585 1930 648 1226

531 738 553 789 a
577 723 678 810 portu
695 713 873 808 Aquarum
895 715 1103 788 Mortuarum
1126 737 1238 810 nsque
1259 717 1305 790 ad
1325 727 1461 813 portum
1485 717 1638 809 Olivelli,
1663 728 1698 792 at
1717 719 1814 815 quod
1838 721 1936 794 liceat

531 841 568 912 in
582 840 632 914 eis
648 840 740 913 dicto
754 841 926 913 communi
940 839 1101 914 edificare
1115 852 1177 914 ant
1191 851 1388 916 construere
1402 851 1510 916 castra
1527 851 1562 914 et
1575 844 1641 916 alia
1657 843 1794 919 edificia
1806 854 1841 920 at
1855 867 1937 920 usa·

531 965 597 1038 tica
614 964 663 1036 ibi
675 963 802 1036 habere
816 986 878 1038 seu
892 966 1014 1056 lacere,
1025 986 1179 1058 congruo
1192 966 1431 1058 tameumod0‚
1441 964 1488 1039 ad
1498 966 1938 1060 ipsiuscommunisvolun·

529 1098 645 1180 tatem,
658 1089 797 1183 etquod
809 1090 910 1162 liceat
923 1090 1015 1164 dicto
1026 1092 1199 1163 communi
1213 1093 1268 1163 vol
1281 1091 1329 1162 illi
1343 1091 1404 1184 qui
1417 1089 1644 1186 prearitdicto
1658 1093 1831 1165 communi
1843 1113 1937 1165 exar-

529 1233 605 1284 cere
628 1213 903 1304 jurisdictionem
927 1213 1134 1286 ordinariam
1164 1223 1199 1286 at
1225 1236 1358 1286 mamm
1378 1213 1559 1308 imperium
1583 1215 1620 1284 in
1641 1223 1711 1287 toto
1738 1216 1936 1312 episcopatu

527 1337 678 1410 Massilia
693 1346 727 1409 et
738 1337 774 1407 in
785 1344 855 1409 toto
874 1336 1031 1410 districtu
1046 1337 1194 1411 civitatis
1210 1339 1360 1411 Massilia
1369 1337 1464 1432 quod
1480 1359 1573 1409 nuuc
1587 1337 1692 1411 habat
1708 1339 1800 1412 diota
1816 1339 1938 1411 civitas

528 1469 562 1534 ct
578 1463 650 1534 Deo
669 1460 816 1555 propitio
829 1461 864 1532 iu
879 1469 978 1534 antea
994 1461 1209 1555 acquisierit;
1229 1471 1262 1532 et
1273 1460 1369 1556 quod
1384 1460 1475 1535 dabo
1488 1471 1523 1534 et
1538 1462 1725 1536 concedam
1740 1463 1833 1536 dicto
1845 1484 1937 1536 com·

530 1585 628 1666 muni
654 1585 803 1658 Massilia
823 1595 856 1658 et
876 1586 1075 1660 hominibus
1097 1589 1172 1680 ejus
1193 1585 1366 1660 districtus
1387 1587 1638 1660 immunitatem
1660 1588 1882 1660 exactionum
1904 1598 1938 1660 et

531 1711 690 1784 toltarum
707 1719 742 1782 et
760 1710 983 1782 franchesiam
998 1711 1035 1782 iu
1049 1718 1120 1783 toto
1134 1733 1240 1806 regno
1260 1711 1358 1783 Suria
1381 1719 1415 1784 at
1436 1711 1629 1806 specialiter
1645 1711 1679 1781 in
1697 1710 1839 1782 Acboue
1850 1719 1886 1783 et
1902 1712 1937 1782 in

532 1844 602 1907 toto
613 1855 719 1928 regno
732 1834 845 1908 Sicilie
859 1844 893 1908 at
906 1832 1044 1930 Apulia,
1057 1856 1099 1908 eo
1110 1835 1214 1908 modo
1229 1844 1263 1908 at
1273 1857 1315 1908 ea
1328 1836 1436 1907 forma
1445 1856 1516 1928 quo
1529 1843 1610 1906 sunt
1620 1835 1791 1908 immunes
1801 1844 1836 1908 at
1847 1837 1938 1908 sran-

532 1959 588 2031 chi
605 1967 639 2032 et
654 1980 729 2031 csse
743 1966 996 2032 consueverunt
1007 1958 1052 2030 da
1067 1960 1156 2030 lacto
1167 1968 1228 2030 aut
1241 1959 1369 2051 dejure
1383 1959 1497 2031 Pisani
1509 1960 1784 2050 autlanuenses;
1796 1968 1831 2032 at
1842 1959 1937 2054 quod

535 2080 627 2155 dicto
640 2083 812 2154 communi
824 2082 973 2154 Massilia
985 2082 1222 2156 liceathabare
1234 2085 1447 2156 consulatum
1458 2093 1493 2156 et
1502 2104 1664 2156 exercere
1667 2083 1938 2176 jurisdictionem

536 2207 572 2277 in
586 2205 687 2278 dictis
698 2206 814 2298 regnis
828 2205 864 2276 in
879 2205 1035 2277 homines
1047 2206 1195 2279 Massilia
1208 2217 1242 2280 et
1254 2209 1330 2300 ejus
1346 2206 1533 2280 districtus.
1542 2207 1744 2280 Promittens
1758 2207 1861 2280 etiam
1874 2228 1938 2300 ego

536 2331 785 2412 dictusTomas
800 2351 915 2402 comas
929 2329 1101 2404 Sabaudia
1122 2331 1186 2402 tibi
1207 2330 1300 2404 dicto
1319 2331 1464 2425 Ugolino
1485 2331 1642 2426 potestati
1664 2332 1833 2420 Massilia,
1853 2331 1940 2402 reoi-

535 2454 641 2550 pienti
660 2462 694 2526 et
710 2453 886 2548 stipulanti
908 2454 1046 2528 nomine
1065 2455 1149 2528 dicti
1166 2456 1357 2528 communis
1372 2455 1521 2528 Massilia
1538 2465 1573 2528 et
1589 2477 1653 2552 pro
1670 2477 1712 2528 eo
1730 2456 1786 2528 vel
1803 2455 1861 2527 alii
1878 2475 1939 2549 pro

534 2599 589 2670 eo,
601 2577 697 2672 quod
712 2577 874 2650 dominus
886 2577 1069 2652 Federicus
1085 2579 1268 2675 imperator
1280 2588 1357 2676 post
1369 2579 1624 2654 concessionem
1636 2580 1719 2653 dicti
1736 2579 1939 2673 privilegiia

532 2723 589 2774 ma
605 2703 728 2776 factam
747 2703 783 2774 in
803 2702 893 2776 diota
911 2704 1019 2776 forma
1033 2703 1126 2776 dicto
1137 2705 1324 2796 communi,
1337 2705 1424 2777 illud
1435 2705 1528 2778 idem
1542 2704 1761 2800 privilegium
1778 2703 1938 2776 corrobo-

532 2825 624 2900 rabit
639 2837 673 2898 et
690 2827 846 2900 laudabit
862 2835 896 2900 et
918 2827 1131 2901 confirmabit
1148 2838 1182 2902 et
1196 2828 1320 2900 bullari
1344 2829 1457 2922 sigillo
1483 2851 1548 2902 suo
1571 2829 1667 2914 bulla
1691 2849 1797 2900 aurea
1819 2827 1935 2916 faciet,

534 2949 732 3047 recipiendo
751 2950 845 3024 idem
861 2951 1044 3046 imperator
1061 2951 1098 3022 in
1117 2973 1181 3024 sua
1201 2951 1411 3048 protectione
1427 2961 1496 3025 tam
1514 2953 1549 3024 in
1567 2952 1653 3024 mari
1674 2971 1780 3045 qoam
1797 2950 1834 3020 in
1852 2958 1939 3022 terra

536 3096 654 3148 omnes
674 3075 831 3148 homiues
853 3076 1000 3148 Massilia
1024 3085 1059 3148 et
1081 3077 1156 3168 ejus
1174 3075 1349 3150 districtus
1366 3077 1403 3148 in
1427 3077 1531 3150 rebus
1551 3085 1585 3150 et
1605 3077 1642 3148 in
1666 3075 1837 3171 personis,
1860 3073 1939 3146 exi-

535 3199 663 3272 mendo
682 3199 775 3273 idam
794 3199 978 3294 imperator
995 3199 1040 3272 ab
1058 3199 1152 3271 omni
1165 3200 1280 3272 banuo
1290 3200 1458 3296 imperiali
1476 3200 1658 3274 commisso
1676 3207 1737 3272 ant
1751 3198 1833 3270 binc
1850 3206 1939 3270 retro

536 3322 617 3399 dato
635 3322 767 3396 dictum
784 3343 967 3396 commune
984 3324 1182 3398 Massilieet
1202 3303 1278 3417 ejus
1295 3325 1453 3398 homines
1470 3333 1505 3398 et
1524 3324 1699 3398 districtus
1716 3331 1750 3396 et
1766 3321 1939 3394 civitatem

536 3446 702 3532 Massilie;
724 3447 819 3541 quod
833 3447 990 3520 liberabit
1005 3447 1098 3521 idam
1111 3448 1295 3544 imperator
1312 3459 1373 3522 aut
1388 3449 1478 3522 alius
1493 3470 1555 3545 pro
1568 3469 1610 3522 eo
1625 3469 1646 3520 e
1661 3447 1801 3521 vinculo
1826 3466 1939 3520 carec-

535 3591 614 3642 rum
633 3569 740 3644 libare
759 3581 793 3644 et
811 3570 940 3665 quiete,
957 3571 1051 3645 nullo
1068 3572 1244 3646 obstaculo
1258 3573 1444 3664 mediante,
1461 3574 1596 3646 Petrum
1611 3571 1657 3646 da
1673 3573 1797 3644 Sancto
1814 3570 1940 3644 Iacobo

536 3703 572 3768 et
595 3693 811 3769 Guillelmum
834 3695 1020 3769 Vivaldum
1040 3697 1210 3770 Toselnm.
1225 3694 1395 3770 confitens
1417 3697 1521 3769 etiam
1547 3703 1581 3768 et
1605 3715 1854 3788 recognoscens
1875 3714 1941 3788 ego

536 3817 650 3892 dictus
668 3819 790 3894 Ternas
811 3841 925 3894 comes
947 3818 1121 3893 &bandis
1140 3819 1237 3916 quod
1259 3819 1415 3916 predicta
1437 3819 1554 3893 omnia
1577 3817 1688 3894 debeo
1710 3819 1880 3912 complere
1907 3826 1941 3890 at

536 3944 649 4018 lacera
663 3943 709 4018 ad
726 3943 886 4017 adactum
902 3943 1099 4039 pervenire,
1121 3965 1182 4039 pro
1205 3943 1369 4018 lidalitate
1387 3965 1491 4038 quam
1511 3943 1615 4016 dabat
1632 3944 1744 4016 lacera
1762 3961 1941 4014 commune

536 4067 688 4142 Massilia
703 4067 796 4144 dicto
814 4068 955 4143 domino
973 4069 1170 4164 imperatori
1188 4079 1222 4143 at
1239 4091 1302 4166 pro
1319 4069 1457 4143 duabus
1473 4069 1624 4142 millibus
1644 4066 1794 4140 marchis
1809 4063 1940 4159 argenti

537 4215 624 4288 quas
639 4192 806 4268 solvendo
823 4193 906 4268 iude
920 4193 1032 4267 debeo
1045 4194 1197 4290 recipere
1214 4216 1236 4266 a
1253 4194 1426 4266 communi
1440 4193 1602 4282 Massilia,
1612 4201 1647 4264 et
1657 4191 1761 4264 etiam
1779 4190 1810 4262 si
1826 4189 1940 4262 visum

538 4317 640 4391 luerit
654 4317 747 4392 dicto
764 4319 908 4414 Ugolino
928 4326 962 4392 et
978 4319 1190 4416 Gratapalie;
1211 4341 1292 4394 cum
1313 4319 1413 4392 nobis
1426 4315 1500 4416 (sic)
1518 4317 1600 4392 inde
1622 4315 1703 4390 data
1724 4315 1769 4388 sit
1792 4321 1941 4411 potestas

540 4451 610 4516 tam
627 4463 649 4515 a
666 4451 763 4538 parta
780 4445 971 4518 communis
988 4443 1138 4520 Massilia
1153 4467 1259 4540 quam
1280 4466 1302 4518 a
1324 4466 1380 4517 me
1400 4442 1495 4540 quod
1513 4463 1576 4539 pro
1600 4439 1764 4538 predictis
1781 4437 1943 4512 omnibns

540 4566 757 4642 attendendis
774 4576 809 4642 et
827 4568 1038 4666 complendis
1057 4570 1146 4643 ultra
1164 4569 1273 4645 dictas
1295 4568 1367 4644 duo
1387 4568 1493 4642 millia
1511 4567 1667 4640 marchas
1682 4565 1810 4662 possim
1825 4573 1860 4636 et
1873 4561 1941 4635 da-

540 4688 641 4766 beam
659 4689 820 4766 baberea
838 4692 930 4766 dicto
945 4693 1118 4766 communi
1134 4695 1409 4791 Massiliamque
1424 4692 1470 4769 ad
1488 4713 1659 4766 summam
1676 4689 1769 4764 milla
1786 4686 1942 4762 maraba-
