4324 5916
237 601 336 662 lemur.
353 601 418 681 lo]
690 601 887 664 HISTORIA
912 599 1205 664 lthLOllll'lle
1592 595 1653 658 907

239 737 369 812 mentia
387 737 620 812 Romanorum
644 757 709 810 rex
724 746 760 810 ot
775 759 910 833 semper
930 745 1113 832 augustus.
1134 734 1270 809 lustitia
1290 733 1401 828 exigit
1418 742 1454 806 et
1473 733 1560 806 ratio
1576 734 1653 830 ipsu

239 862 389 958 postulat
409 870 450 934 ut
466 861 622 936 ecelesiis
638 861 701 936 Dei
720 861 823 956 louge
835 863 972 957 lateque
987 862 1024 934 iu
1037 881 1144 956 reguo
1162 868 1278 934 nostru
1290 861 1483 934 eonstitutis
1495 859 1650 954 vigorem

238 986 374 1060 consilii
391 997 426 1060 ot
443 987 624 1062 dexterum
644 986 769 1060 auxilii
785 987 936 1083 benigue
954 985 1214 1082 impendamus,
1234 985 1301 1058 illis
1318 985 1471 1059 maximo
1485 1007 1508 1057 u
1524 985 1653 1079 quibus

238 1113 333 1186 omui
351 1121 518 1208 temporo,
535 1113 631 1188 unni
644 1113 742 1204 bora,
758 1121 955 1188 saootmum
970 1113 1167 1186 orationum
1188 1110 1395 1206 pereipimus
1418 1109 1601 1204 suffragia3
1620 1119 1654 1184 et

238 1237 269 1310 si
287 1255 351 1310 nos
375 1236 412 1310 in
438 1237 658 1312 tabernaculo
682 1237 744 1312 Dei
760 1237 941 1314 offerentes
965 1236 1099 1332 aliquid
1123 1235 1501 1332 supererogaverimus,
1524 1235 1570 1308 ab
1595 1235 1654 1308 illo

239 1382 325 1436 uero
344 1362 559 1436 Summitauo
580 1383 661 1436 oum
682 1362 823 1438 redierit
846 1363 1047 1459 centuplum
1068 1383 1145 1436 esse
1168 1358 1389 1434 reddendum
1414 1367 1595 1456 speramus
1618 1367 1655 1432 et

240 1484 428 1560 eredimus.
455 1487 672 1583 Quapropter
691 1497 881 1582 agnosount
906 1487 1059 1562 universi
1078 1485 1198 1562 fideles
1216 1485 1313 1582 regni
1341 1492 1517 1581 presentes
1537 1494 1573 1558 ot
1598 1486 1654 1558 iu·

241 1610 311 1686 turi
332 1610 429 1706 quod
448 1633 512 1686 uos
531 1611 661 1690 iutuitu
678 1621 797 1686 sterne
818 1613 1051 1688 retributionis
1069 1622 1105 1686 et
1125 1634 1188 1709 spo
1210 1613 1325 1684 iuture
1339 1609 1434 1706 pacis
1452 1621 1488 1682 ot
1506 1610 1651 1704 quietis,

239 1735 423 1810 cenobium
441 1737 565 1810 Sancto
581 1737 688 1810 Mario
710 1737 745 1810 iu
761 1738 883 1812 Soreth
901 1737 954 1834 (l)
970 1747 1004 1812 et
1020 1759 1185 1834 personas
1204 1736 1335 1810 ibidem
1356 1737 1429 1808 Deo
1450 1735 1654 1808 famulantes

240 1883 320 1934 eum
342 1862 505 1936 omuibus
528 1862 647 1955 bouis,
672 1863 860 1937 mobilibus
879 1875 914 1938 ot
937 1864 1187 1956 immobilibus,
1208 1861 1255 1936 ad
1271 1860 1429 1936 eamdem
1439 1861 1533 1954 juste
1548 1861 1653 1956 perti·
1781 1863 1793 1882 '

239 1984 402 2060 uentibus
413 1986 480 2059 sub
492 1995 642 2060 nostrum
655 1988 899 2084 protectionem
911 1996 1017 2083 atquo
1029 1988 1262 2062 defensionem
1274 1985 1652 2080 susoopimus,omnes-

238 2130 310 2204 que
338 2110 571 2206 possessiones
591 2131 681 2206 quus
707 2112 808 2185 etiam
839 2112 876 2184 iu
904 2113 1020 2186 futuro
1045 2113 1117 2186 Deo
1141 2119 1315 2184 anunente
1345 2109 1592 2184 rationabiliter
1618 2119 1653 2184 et

239 2233 391 2327 legitimo
410 2245 571 2330 poterunt
586 2234 750 2331 adipisci,
776 2245 892 2310 nostra
904 2233 1013 2331 reguli
1028 2236 1230 2310 auctoritate
1246 2234 1332 2331 ipsis
1354 2233 1597 2308 oonfirmamus
1620 2243 1654 2306 ot

238 2357 518 2450 oorroboramus3
538 2359 575 2430 in
592 2359 723 2454 quibus
738 2359 802 2432 heo
818 2361 965 2456 propriis
984 2359 1130 2455 dignum
1151 2359 1320 2434 duximus
1340 2357 1569 2455 exprimenda
1589 2379 1652 2432 vo-

239 2483 374 2558 cubulis
396 2511 405 2556 :
426 2485 542 2559 locum
565 2484 680 2581 ipsum
703 2485 740 2556 in
761 2507 833 2580 quo
853 2487 1023 2581 prelatum
1044 2485 1228 2559 cenobium
1247 2493 1299 2558 est
1316 2484 1421 2556 situm
1435 2504 1515 2556 oum
1529 2483 1650 2574 silvis,

237 2612 352 2707 aquis,
367 2610 487 2707 pratis,
508 2611 601 2705 agris
618 2622 654 2685 et
671 2611 822 2707 pascuis,
840 2609 997 2707 pmdium
1016 2611 1052 2682 iu
1071 2610 1233 2706 laupuoh
1250 2619 1285 2682 et
1303 2607 1468 2704 capellam
1484 2632 1565 2684 oum
1579 2631 1654 2683 om·

238 2735 345 2810 nibus
361 2735 435 2809 suis
452 2735 655 2830 attinentiis,
674 2736 835 2832 predium
854 2737 890 2808 in
909 2735 1105 2828 Oulzrtithi,
1130 2735 1166 2808 iu
1185 2733 1410 2827 Tuuz‘enhus,
1436 2735 1471 2806 iu
1493 2723 1654 2808 Amizin-

238 2860 451 2954 switsrejn
470 2856 714 2954 Cbureubueb,
732 2859 769 2932 in
785 2859 998 2956 Ophirbaoh‚
1018 2863 1055 2934 in
1077 2863 1239 2952 Dilmun,
1263 2859 1299 2932 iu
1318 2860 1538 2934 Geisbiirrou.
1563 2861 1653 2933 Cou-

238 2985 397 3060 oedimus
412 2997 568 3082 pretores
584 2985 747 3060 iratribus
767 2985 898 3060 ibidem
918 2987 990 3060 lieo
1009 2985 1243 3060 servientibus
1260 2993 1296 3058 ot
1315 3003 1435 3058 eorum
1453 2984 1603 3058 subditis
1618 2996 1654 3058 et

237 3111 404 3184 ministris
422 3119 462 3184 ut
480 3131 543 3206 per
561 3110 725 3186 universa
747 3112 821 3184 lora
837 3119 953 3186 nostra
974 3111 1223 3206 negotiationes
1240 3131 1322 3184 suas
1344 3118 1529 3184 exemeaut
1544 3110 1654 3184 libere

237 3236 314 3310 siue
331 3235 480 3310 thelonei
499 3237 665 3334 pensione
678 3247 714 3312 st
730 3247 770 3310 ut
789 3238 931 3312 liberam
946 3237 1096 3310 babeant
1109 3245 1310 3332 potestatem
1325 3234 1529 3308 succidendi
1546 3235 1654 3308 silves

238 3370 274 3434 et
294 3362 419 3438 foreste
436 3372 554 3437 nostru
571 3383 636 3458 pro
652 3363 792 3436 claustri
811 3362 1187 3438 nemetinensis
1204 3362 1235 3434 si
1255 3362 1403 3456 quisque
1423 3359 1655 3435 ministerialis

238 3493 355 3558 nostor
378 3483 456 3558 sive
475 3493 647 3560 mereator
668 3485 746 3558 sive
768 3485 918 3560 rustious
941 3485 1017 3560 sive
1044 3487 1294 3580 cujuscumque
1318 3484 1526 3558 eonditiouis
1551 3485 1655 3558 homo

238 3609 296 3688 vel
315 3609 568 3705 cujuscumque
586 3631 695 3684 sexus
722 3611 875 3707 seipsum
896 3620 959 3684 aut
981 3611 1116 3706 aliquid
1137 3610 1184 3684 do
1206 3610 1281 3682 suis
1303 3609 1432 3684 mobile
1449 3611 1507 3682 vel
1528 3609 1654 3682 immo-

237 3733 308 3811 bile
325 3733 440 3809 eidom
463 3733 609 3812 oenobio
626 3735 781 3808 oonlorre
797 3735 963 3826 uoluerit,
982 3737 1069 3810 sciat
1084 3736 1152 3808 hoe
1174 3753 1255 3808 cum
1277 3743 1391 3808 nostru
1416 3755 1492 3808 esso
1517 3734 1654 3807 lieentia

237 3867 274 3932 et
300 3860 490 3932 voluntate.
514 3859 589 3934 llos
609 3880 751 3954 quoqne
778 3859 1038 3934 universitatem
1062 3859 1220 3934 fidolium
1249 3860 1355 3933 latere
1384 3859 1547 3934 nolumus
1575 3877 1654 3953 pre-

238 3981 371 4056 diotum
396 3981 584 4056 claustrum
609 3983 765 4060 libertate
787 3980 1060 4079 privilegiatum,
1088 3985 1179 4060 siout
1208 3994 1244 4060 et
1270 3985 1338 4059 alia
1364 3985 1512 4057 dundee
1536 3989 1653 4055 sancto

238 4108 643 4202 RomaueetApostolioe
657 4107 738 4182 Sodi
751 4109 968 4204 pertinentia,
981 4132 1045 4183 neo
1059 4131 1123 4184 nos
1137 4131 1203 4184 neo
1215 4109 1413 4205 quempiam
1427 4107 1534 4182 alium
1547 4106 1653 4200 quio-

237 4232 326 4325 quid
340 4231 433 4324 juris
449 4241 510 4306 aut
530 4233 706 4328 potestatis
722 4234 758 4306 in
775 4256 817 4308 oo
833 4233 978 4319 habere,
998 4243 1216 4332 preterquam
1232 4233 1330 4330 quod
1344 4255 1408 4306 uos
1421 4231 1508 4305 illud
1525 4229 1652 4302 iutuitu

237 4354 300 4426 Dei
313 4354 363 4450 [iu
382 4355 562 4432 tuitionem
584 4367 737 4432 nostram
755 4357 953 4453 uooopimns
966 4369 1002 4432 et
1020 4359 1054 4432 ei
1071 4381 1134 4455 pro
1147 4358 1281 4452 justitia
1301 4357 1423 4432 adesse
1440 4355 1602 4428 volumus
1619 4363 1655 4428 et

239 4499 389 4574 preesse.
413 4479 514 4556 Unda
535 4481 666 4578 siquis
686 4480 884 4558 violentiam
908 4483 941 4556 ui
967 4484 1118 4558 intulerit
1141 4494 1203 4558 aut
1221 4480 1310 4556 illud
1329 4481 1402 4553 ulla
1423 4479 1458 4552 in
1485 4487 1580 4576 parte
1602 4479 1653 4552 le-

275 4746 313 4823 (4)
331 4748 409 4822 Qvod
421 4757 516 4827 postea
526 4751 721 4814 Seirenoussai
728 4752 779 4812 luit
788 4752 934 4828 vulgariter
945 4756 1139 4826 nuuouputum.
