4466 5914
517 611 580 674 614
1027 607 1239 696 lllllllssltlcl
1264 607 1437 670 sectant
1746 609 1828 686 [Anu.
1846 612 1936 676 laet.

521 758 557 822 et
573 748 674 821 nobis
692 765 798 840 quam
816 751 974 840 poterant
990 755 1025 816 et
1046 743 1248 838 gravamina
1272 743 1470 838 irrogando,
1494 742 1574 816 licet
1599 741 1762 818 dominns
1787 767 1851 819 rex
1869 771 1937 843 pa-

521 882 631 946 tentes
651 871 779 944 litteras
803 891 884 942 suas
905 868 1059 943 dedisset
1077 869 1210 942 eisdem
1226 890 1288 964 per
1302 890 1392 962 quas
1409 867 1503 964 ipsos
1520 877 1556 941 et
1571 869 1688 942 omnia
1703 869 1796 944 bona
1815 876 1934 944 eorum

521 1007 557 1072 et
575 1018 693 1069 muros
706 997 789 1068 ville
807 994 946 1091 penitus
963 995 1185 1067 umecurabat
1202 992 1247 1067 de
1262 1013 1301 1066 se
1316 1002 1351 1065 et
1366 992 1467 1066 nobis
1481 1000 1516 1064 et
1530 992 1624 1066 omni
1642 995 1798 1068 exercitu
1818 1017 1936 1068 eruce·

522 1122 750 1217 signatorum.
778 1118 863 1192 Cum
881 1118 987 1212 igitur
999 1115 1178 1191 videretur
1190 1117 1235 1190 ab
1249 1117 1413 1189 omnibus
1427 1117 1606 1211 negotium
1623 1117 1719 1212 pacis
1736 1128 1772 1192 et
1789 1117 1871 1194 fidei
1885 1122 1935 1192 sic

522 1266 584 1340 per
604 1242 892 1318 Avinionensium
919 1241 1086 1314 malitiam
1113 1263 1154 1314 ac
1180 1241 1380 1314 violentiam
1407 1240 1590 1336 impediri,
1615 1241 1778 1317 dominus
1802 1267 1865 1318 rex
1888 1247 1934 1319 ad

521 1370 720 1466 petitionem
744 1376 779 1441 et
804 1367 1001 1440 instantiam
1025 1366 1157 1440 domini
1183 1367 1287 1460 legati
1311 1375 1347 1438 et
1369 1366 1416 1438 ad
1443 1386 1563 1462 preces
1587 1376 1720 1440 nostras
1745 1377 1780 1440 el
1807 1369 1932 1443 lauda·

522 1502 677 1566 mantum
702 1502 737 1565 et
760 1493 906 1565 aliorum
932 1491 1249 1585 crucesignatorum
1272 1489 1446 1562 exercitus
1467 1489 1662 1580 christiani,
1684 1491 1934 1567 Avinionenses

521 1617 658 1692 obsedit
683 1627 846 1712 tanquam
873 1617 1042 1690 hereticos
1064 1625 1098 1688 et
1123 1614 1351 1688 hereticorum
1383 1623 1611 1710 receptatores
1635 1623 1671 1688 et
1694 1616 1855 1692 fautores.
1883 1619 1934 1690 Ne

521 1753 637 1818 autem
653 1743 828 1816 serenitati
843 1751 957 1817 vestre
973 1743 1059 1814 falso
1073 1751 1279 1836 suggeratur
1292 1740 1391 1814 aliter
1403 1740 1511 1814 luisse
1525 1741 1666 1831 lactum,
1684 1741 1813 1814 nemini
1830 1764 1935 1838 super

522 1869 590 1942 hoc
601 1867 707 1941 fidem
723 1867 889 1940 adhihere
907 1867 1034 1958 velitis,
1061 1888 1139 1938 cum
1159 1887 1221 1961 per
1238 1865 1367 1938 litteras
1385 1865 1496 1960 ipsius
1512 1865 1616 1958 legati
1633 1885 1675 1938 ac
1694 1865 1826 1938 domini
1843 1867 1934 1961 regis

522 2002 557 2067 et
579 2004 755 2089 presentes
776 1993 904 2064 litteras
920 1997 1053 2064 nostras
1071 1989 1176 2062 totins
1193 1989 1319 2062 veritas
1340 2010 1521 2084 pmoessus
1539 1989 1639 2062 vobis
1663 1989 1793 2084 liqueat
1816 1992 1935 2063 mani-

522 2121 624 2210 feste,
643 2139 731 2211 quas
753 2116 854 2190 vobis
876 2115 1037 2188 deterunt
1055 2114 1265 2209 presentium
1284 2114 1464 2209 portitores
1481 2111 1546 2210 (l).
1569 2113 1674 2186 Novit
1694 2114 1798 2186 etiam
1820 2115 1931 2204 Deus,

523 2245 585 2338 qui
604 2241 762 2316 cordium
787 2243 886 2313 novit
905 2240 1126 2328 abscondita,
1145 2238 1240 2334 qnod
1258 2239 1421 2312 dominus
1443 2261 1508 2312 rex
1529 2247 1565 2312 et
1587 2260 1651 2311 nos
1676 2259 1755 2312 cum
1780 2261 1823 2312 eo
1846 2239 1936 2312 sicut

523 2367 695 2464 peregrini
717 2364 934 2439 selummodo
955 2366 1022 2438 hoc
1046 2365 1192 2437 iacimus
1214 2373 1352 2460 propter
1373 2365 1483 2437 Deum
1508 2386 1550 2438 ac
1577 2365 1825 2460 promotionem
1853 2363 1934 2438 fidei

523 2491 720 2580 christiane,
737 2491 784 2564 ad
796 2489 893 2585 quod
907 2511 1027 2564 omncs
1042 2489 1200 2562 catholici
1219 2497 1378 2561 tenentur
1394 2489 1537 2580 astricti,
1557 2489 1654 2562 salvo
1671 2487 1707 2560 in
1721 2489 1883 2562 omnibns
1901 2498 1936 2561 et

523 2637 585 2711 per
605 2614 721 2688 omnia
739 2614 817 2707 jure
836 2623 951 2686 vestro
973 2623 1091 2686 contra
1117 2611 1213 2708 quod
1235 2611 1398 2685 dominus
1420 2632 1485 2685 rex
1507 2611 1580 2686 ullo
1601 2609 1706 2684 modo
1727 2613 1847 2684 venire
1871 2633 1936 2686 nec

524 2741 627 2814 vellet
643 2761 708 2813 nec
724 2739 865 2813 deberet
881 2737 947 2836 (2).

325 3303 492 3403 *suffitum
575 3293 812 3400 FriderieuS,
837 3293 1096 3376 Romanorum
1129 3293 1350 3404 imperator,
1371 3292 1511 3376 civitati
1542 3293 1745 3378 Mutinensi
1780 3295 1937 3406 antiqua

355 3411 464 3520 nillil·
519 3429 608 3541 jura
627 3453 671 3510 ac
688 3427 885 3540 privilegia
900 3426 1119 3534 confirmet,
1140 3427 1238 3509 inter
1255 3451 1355 3536 quae
1369 3425 1435 3537 jus
1453 3435 1628 3510 monetae
1645 3427 1853 3511 cudendae.

604 3641 699 3720 (Edit.
715 3659 763 3720 ap.
778 3641 962 3717 Musarum,
976 3641 1079 3724 Antip·
1094 3639 1160 3704 1ch
1183 3639 1255 3702 mal
1271 3642 1350 3716 neni,
1371 3647 1395 3704 t.
1411 3642 1456 3718 ΙΙ,
1475 3659 1507 3722 p.
1528 3651 1602 3717 705,
1624 3659 1663 3704 ex
1677 3647 1864 3722 transumpto
1879 3659 1936 3704 nu·

642 3750 774 3811 thentlco
788 3751 861 3811 anni
877 3759 966 3826 tals,
984 3753 1016 3812 ln
1033 3757 1149 3830 regesto
1167 3750 1344 3826 Mutinensi,
1363 3757 1394 3812 et
1408 3765 1459 3829 ap.
1474 3749 1646 3826 menan,
1658 3751 1701 3812 Dc
1716 3751 1840 3814 Mortalis
1854 3747 1936 3822 lul..

643 3861 668 3920 t.
682 3857 714 3932 1,
728 3875 760 3935 p.
777 3856 837 3936 la.)

572 4047 612 4118 ln
633 4045 773 4118 nomine
798 4053 916 4118 sancte
936 4053 971 4118 et
988 4043 1171 4118 individue
1194 4043 1380 4118 Trinitatis.
1396 4042 1598 4116 Fredericus
1619 4045 1793 4118 secundus
1819 4045 1939 4121 divina

524 4171 661 4244 lavante
674 4170 856 4244 clementia
872 4171 1104 4244 Romanorum
1123 4171 1320 4266 imperator,
1330 4191 1464 4265 semper
1477 4177 1660 4264 augustus
1672 4171 1885 4244 Hierusalem
1904 4180 1939 4245 et

528 4355 668 4370 ————

560 4448 597 4524 (t)
615 4447 765 4505 Ludevicus
775 4447 849 4518 vill,
862 4451 933 4504 teste
944 4447 1068 4522 Philippo
1081 4448 1223 4517 Monalos,
1238 4449 1342 4508 litteras
1356 4455 1411 4507 tarn
1425 4449 1491 4508 istas
1503 4467 1583 4524 quam
1597 4467 1660 4509 suas
1676 4456 1705 4508 et
1718 4450 1795 4526 legati
1807 4450 1840 4508 ad
1854 4451 1937 4526 impe·

522 4553 638 4605 retorem
658 4544 816 4603 deserendas
834 4545 968 4603 commisit
980 4546 1158 4604 Bellovacensi
1171 4553 1199 4604 et
1209 4547 1395 4606 cameracensi
1409 4548 1543 4623 episcopis
1556 4554 1585 4605 et
1597 4547 1689 4605 abbati
1702 4547 1793 4606 Sancti
1806 4548 1935 4622 Dionysii.

561 4642 597 4718 (2)
617 4645 676 4701 lloc
689 4643 748 4717 ipso
767 4643 951 4716 temperabas
971 4642 1053 4700 tuisse
1071 4643 1186 4717 scriptas
1203 4644 1306 4704 litteras
1326 4645 1557 4719 arbitramurque
1575 4645 1677 4718 legatus
1696 4645 1755 4720 ipse
1768 4661 1832 4702 suas
1849 4643 1936 4716 dedit,

523 4742 627 4801 scilicet
637 4742 707 4800 inter
718 4742 828 4798 Ponoem
841 4741 951 4815 Sergius
964 4745 993 4799 et
1004 4741 1172 4814 avinionem,
1188 4743 1278 4802 idibus
1286 4744 1357 4819 junii
1372 4747 1452 4804 rste.
1464 4743 1505 4803 Cl.
1518 4745 1665 4816 Varssrrrn,
1680 4741 1761 4815 tcta,
1774 4753 1806 4800 n⁰
1820 4746 1883 4802 tat.
