<?xml version="1.0" encoding="UTF-8"?>
<!DOCTYPE html PUBLIC "-//W3C//DTD XHTML 1.0 Transitional//EN"
    "http://www.w3.org/TR/xhtml1/DTD/xhtml1-transitional.dtd">
<html xmlns="http://www.w3.org/1999/xhtml" xml:lang="en" lang="en">
 <head>
  <title>
</title>
<meta http-equiv="Content-Type" content="text/html;charset=utf-8" />
  <meta name='ocr-system' content='tesseract 3.04.00' />
  <meta name='ocr-capabilities' content='ocr_page ocr_carea ocr_par ocr_line ocrx_word'/>
</head>
<body>
  <div class='ocr_page' id='page_1' title='image "./historiadiploma04fredgoog_0357.png"; bbox 0 0 4324 5912; ppageno 0'>
   <div class='ocr_carea' id='block_1_1' title="bbox 548 577 1972 4570">
    <p class='ocr_par' dir='ltr' id='par_1_1' title="bbox 558 577 1422 642">
     <span class='ocr_line' id='line_1_1' title="bbox 558 577 1422 642; baseline 0 0"><span class='ocrx_word' id='word_1_1' title='bbox 558 578 620 642; x_wconf 72' lang='grc'>946</span> <span class='ocrx_word' id='word_1_2' title='bbox 1110 577 1422 642; x_wconf 69' lang='lat' dir='ltr'>contruncare</span> 
     </span>
    </p>

    <p class='ocr_par' dir='ltr' id='par_1_2' title="bbox 548 713 1972 4570">
     <span class='ocr_line' id='line_1_2' title="bbox 560 713 1972 811; baseline 0.004 -23"><span class='ocrx_word' id='word_1_3' title='bbox 560 715 702 810; x_wconf 91' lang='lat' dir='ltr'>poribus</span> <span class='ocrx_word' id='word_1_4' title='bbox 722 713 919 806; x_wconf 84' lang='lat' dir='ltr'>consuevit,</span> <span class='ocrx_word' id='word_1_5' title='bbox 942 723 1073 788; x_wconf 85' lang='lat' dir='ltr'>utatur.</span> <span class='ocrx_word' id='word_1_6' title='bbox 1089 715 1166 802; x_wconf 85' lang='lat' dir='ltr'>Qua</span> <span class='ocrx_word' id='word_1_7' title='bbox 1180 714 1364 811; x_wconf 81' lang='lat' dir='ltr'>privilegia</span> <span class='ocrx_word' id='word_1_8' title='bbox 1375 717 1479 808; x_wconf 84' lang='lat' dir='ltr'>juxta</span> <span class='ocrx_word' id='word_1_9' title='bbox 1487 715 1653 809; x_wconf 80' lang='lat' dir='ltr'>generale</span> <span class='ocrx_word' id='word_1_10' title='bbox 1675 714 1828 790; x_wconf 87' lang='lat' dir='ltr'>edictum</span> <span class='ocrx_word' id='word_1_11' title='bbox 1845 719 1972 794; x_wconf 70' lang='lat' dir='ltr'>ledum</span> 
     </span>
     <span class='ocr_line' id='line_1_3' title="bbox 559 838 1971 937; baseline 0.003 -23"><span class='ocrx_word' id='word_1_12' title='bbox 559 861 581 914; x_wconf 91' lang='lat' dir='ltr'>a</span> <span class='ocrx_word' id='word_1_13' title='bbox 598 839 698 912; x_wconf 91' lang='lat' dir='ltr'>nobis</span> <span class='ocrx_word' id='word_1_14' title='bbox 723 839 760 912; x_wconf 93' lang='lat' dir='ltr'>in</span> <span class='ocrx_word' id='word_1_15' title='bbox 785 839 882 914; x_wconf 87' lang='lat' dir='ltr'>curia</span> <span class='ocrx_word' id='word_1_16' title='bbox 902 838 1065 936; x_wconf 84' lang='lat' dir='ltr'>Capuam</span> <span class='ocrx_word' id='word_1_17' title='bbox 1084 841 1129 916; x_wconf 90' lang='lat' dir='ltr'>de</span> <span class='ocrx_word' id='word_1_18' title='bbox 1143 840 1336 937; x_wconf 80' lang='lat' dir='ltr'>privilegiis</span> <span class='ocrx_word' id='word_1_19' title='bbox 1353 839 1571 936; x_wconf 72' lang='lat' dir='ltr'>rmignaudle</span> <span class='ocrx_word' id='word_1_20' title='bbox 1588 840 1703 916; x_wconf 85' lang='lat' dir='ltr'>dictus</span> <span class='ocrx_word' id='word_1_21' title='bbox 1716 841 1825 917; x_wconf 85' lang='lat' dir='ltr'>obbas</span> <span class='ocrx_word' id='word_1_22' title='bbox 1839 854 1874 917; x_wconf 88' lang='lat' dir='ltr'>et</span> <span class='ocrx_word' id='word_1_23' title='bbox 1889 865 1971 918; x_wconf 92' lang='lat' dir='ltr'>con-</span> 
     </span>
     <span class='ocr_line' id='line_1_4' title="bbox 558 963 1972 1065; baseline 0.001 -29"><span class='ocrx_word' id='word_1_24' title='bbox 558 973 683 1037; x_wconf 86' lang='lat' dir='ltr'>ventus</span> <span class='ocrx_word' id='word_1_25' title='bbox 697 963 797 1036; x_wconf 92' lang='lat' dir='ltr'>nobis</span> <span class='ocrx_word' id='word_1_26' title='bbox 811 963 987 1036; x_wconf 90' lang='lat' dir='ltr'>humiliter</span> <span class='ocrx_word' id='word_1_27' title='bbox 1003 965 1233 1059; x_wconf 77' lang='lat' dir='ltr'>resignarunt.</span> <span class='ocrx_word' id='word_1_28' title='bbox 1246 966 1401 1062; x_wconf 91' lang='lat' dir='ltr'>lpsorum</span> <span class='ocrx_word' id='word_1_29' title='bbox 1415 965 1532 1060; x_wconf 80' lang='lat' dir='ltr'>itaque</span> <span class='ocrx_word' id='word_1_30' title='bbox 1545 963 1804 1062; x_wconf 86' lang='lat' dir='ltr'>privilegiorum</span> <span class='ocrx_word' id='word_1_31' title='bbox 1819 967 1972 1065; x_wconf 80' lang='lat' dir='ltr'>inspecto</span> 
     </span>
     <span class='ocr_line' id='line_1_5' title="bbox 558 1087 1968 1187; baseline 0.003 -25"><span class='ocrx_word' id='word_1_32' title='bbox 558 1099 692 1177; x_wconf 86' lang='lat' dir='ltr'>tenore,</span> <span class='ocrx_word' id='word_1_33' title='bbox 714 1087 760 1162; x_wconf 91' lang='lat' dir='ltr'>ad</span> <span class='ocrx_word' id='word_1_34' title='bbox 790 1087 956 1164; x_wconf 83' lang='lat' dir='ltr'>humilem</span> <span class='ocrx_word' id='word_1_35' title='bbox 991 1090 1276 1186; x_wconf 74' lang='lat' dir='ltr'><strong>supplicationem</strong></span> <span class='ocrx_word' id='word_1_36' title='bbox 1300 1088 1503 1166; x_wconf 67' lang='lat' dir='ltr'>eorumden</span> <span class='ocrx_word' id='word_1_37' title='bbox 1529 1089 1668 1166; x_wconf 51' lang='lat' dir='ltr'>&amp;belis</span> <span class='ocrx_word' id='word_1_38' title='bbox 1694 1099 1731 1164; x_wconf 89' lang='lat' dir='ltr'>et</span> <span class='ocrx_word' id='word_1_39' title='bbox 1759 1102 1968 1187; x_wconf 70' lang='lat' dir='ltr'>conventu,</span> 
     </span>
     <span class='ocr_line' id='line_1_6' title="bbox 557 1213 1970 1310; baseline 0.003 -22"><span class='ocrx_word' id='word_1_40' title='bbox 557 1223 673 1288; x_wconf 87' lang='lat' dir='ltr'>eterne</span> <span class='ocrx_word' id='word_1_41' title='bbox 689 1213 923 1287; x_wconf 79' lang='lat' dir='ltr'>retributionis</span> <span class='ocrx_word' id='word_1_42' title='bbox 938 1213 1083 1306; x_wconf 91' lang='lat' dir='ltr'>intuitu,</span> <span class='ocrx_word' id='word_1_43' title='bbox 1103 1215 1149 1288; x_wconf 91' lang='lat' dir='ltr'>dc</span> <span class='ocrx_word' id='word_1_44' title='bbox 1166 1214 1285 1288; x_wconf 88' lang='lat' dir='ltr'>innata</span> <span class='ocrx_word' id='word_1_45' title='bbox 1300 1215 1438 1310; x_wconf 90' lang='lat' dir='ltr'>pietatis</span> <span class='ocrx_word' id='word_1_46' title='bbox 1451 1223 1567 1288; x_wconf 86' lang='lat' dir='ltr'>nostre</span> <span class='ocrx_word' id='word_1_47' title='bbox 1584 1215 1710 1310; x_wconf 87' lang='lat' dir='ltr'>gralia,</span> <span class='ocrx_word' id='word_1_48' title='bbox 1729 1225 1766 1290; x_wconf 81' lang='lat' dir='ltr'>et</span> <span class='ocrx_word' id='word_1_49' title='bbox 1779 1217 1904 1292; x_wconf 86' lang='lat' dir='ltr'>eadem</span> <span class='ocrx_word' id='word_1_50' title='bbox 1920 1220 1970 1292; x_wconf 86' lang='lat' dir='ltr'>eis</span> 
     </span>
     <span class='ocr_line' id='line_1_7' title="bbox 555 1337 1970 1437; baseline 0.004 -25"><span class='ocrx_word' id='word_1_51' title='bbox 555 1337 767 1412; x_wconf 82' lang='lat' dir='ltr'>restituimus</span> <span class='ocrx_word' id='word_1_52' title='bbox 791 1347 826 1411; x_wconf 90' lang='lat' dir='ltr'>et</span> <span class='ocrx_word' id='word_1_53' title='bbox 848 1339 1049 1434; x_wconf 88' lang='lat' dir='ltr'>omniaque</span> <span class='ocrx_word' id='word_1_54' title='bbox 1067 1337 1285 1412; x_wconf 89' lang='lat' dir='ltr'>continentur</span> <span class='ocrx_word' id='word_1_55' title='bbox 1298 1339 1334 1410; x_wconf 94' lang='lat' dir='ltr'>in</span> <span class='ocrx_word' id='word_1_56' title='bbox 1352 1339 1404 1412; x_wconf 91' lang='lat' dir='ltr'>eis</span> <span class='ocrx_word' id='word_1_57' title='bbox 1419 1338 1534 1412; x_wconf 88' lang='lat' dir='ltr'>eidem</span> <span class='ocrx_word' id='word_1_58' title='bbox 1550 1340 1756 1414; x_wconf 87' lang='lat' dir='ltr'>monasterio</span> <span class='ocrx_word' id='word_1_59' title='bbox 1777 1342 1970 1437; x_wconf 83' lang='lat' dir='ltr'>specialiter</span> 
     </span>
     <span class='ocr_line' id='line_1_8' title="bbox 556 1461 1970 1562; baseline 0.005 -27"><span class='ocrx_word' id='word_1_60' title='bbox 556 1462 723 1536; x_wconf 88' lang='lat' dir='ltr'>duximus</span> <span class='ocrx_word' id='word_1_61' title='bbox 744 1461 990 1537; x_wconf 87' lang='lat' dir='ltr'>confirmanda.</span> <span class='ocrx_word' id='word_1_62' title='bbox 1016 1463 1244 1537; x_wconf 88' lang='lat' dir='ltr'>Concedimus</span> <span class='ocrx_word' id='word_1_63' title='bbox 1267 1464 1384 1560; x_wconf 86' lang='lat' dir='ltr'>itaque</span> <span class='ocrx_word' id='word_1_64' title='bbox 1401 1473 1435 1537; x_wconf 87' lang='lat' dir='ltr'>et</span> <span class='ocrx_word' id='word_1_65' title='bbox 1451 1461 1694 1538; x_wconf 85' lang='lat' dir='ltr'>confirmamus</span> <span class='ocrx_word' id='word_1_66' title='bbox 1711 1465 1778 1562; x_wconf 88' lang='lat' dir='ltr'>ipsi</span> <span class='ocrx_word' id='word_1_67' title='bbox 1795 1477 1970 1542; x_wconf 87' lang='lat' dir='ltr'>monaste-</span> 
     </span>
     <span class='ocr_line' id='line_1_9' title="bbox 554 1587 1968 1688; baseline 0.005 -29"><span class='ocrx_word' id='word_1_68' title='bbox 554 1589 605 1661; x_wconf 93' lang='lat' dir='ltr'>rio</span> <span class='ocrx_word' id='word_1_69' title='bbox 625 1589 660 1660; x_wconf 91' lang='lat' dir='ltr'>in</span> <span class='ocrx_word' id='word_1_70' title='bbox 685 1599 888 1686; x_wconf 88' lang='lat' dir='ltr'>perpetuum</span> <span class='ocrx_word' id='word_1_71' title='bbox 909 1587 1087 1662; x_wconf 81' lang='lat' dir='ltr'>heremum</span> <span class='ocrx_word' id='word_1_72' title='bbox 1114 1589 1151 1662; x_wconf 94' lang='lat' dir='ltr'>in</span> <span class='ocrx_word' id='word_1_73' title='bbox 1173 1611 1243 1684; x_wconf 91' lang='lat' dir='ltr'>quo</span> <span class='ocrx_word' id='word_1_74' title='bbox 1269 1589 1374 1663; x_wconf 89' lang='lat' dir='ltr'>situm</span> <span class='ocrx_word' id='word_1_75' title='bbox 1400 1599 1453 1664; x_wconf 87' lang='lat' dir='ltr'>cet</span> <span class='ocrx_word' id='word_1_76' title='bbox 1477 1589 1722 1664; x_wconf 87' lang='lat' dir='ltr'>monasterium</span> <span class='ocrx_word' id='word_1_77' title='bbox 1749 1589 1863 1688; x_wconf 90' lang='lat' dir='ltr'>ipsum</span> <span class='ocrx_word' id='word_1_78' title='bbox 1890 1615 1968 1666; x_wconf 91' lang='lat' dir='ltr'>cum</span> 
     </span>
     <span class='ocr_line' id='line_1_10' title="bbox 553 1715 1967 1812; baseline 0.001 -24"><span class='ocrx_word' id='word_1_79' title='bbox 553 1715 714 1788; x_wconf 91' lang='lat' dir='ltr'>omnibus</span> <span class='ocrx_word' id='word_1_80' title='bbox 731 1715 941 1807; x_wconf 86' lang='lat' dir='ltr'>rationibus,</span> <span class='ocrx_word' id='word_1_81' title='bbox 963 1715 1158 1788; x_wconf 88' lang='lat' dir='ltr'>tenimentis</span> <span class='ocrx_word' id='word_1_82' title='bbox 1176 1723 1212 1788; x_wconf 88' lang='lat' dir='ltr'>ct</span> <span class='ocrx_word' id='word_1_83' title='bbox 1227 1715 1440 1810; x_wconf 85' lang='lat' dir='ltr'>pertinentiis</span> <span class='ocrx_word' id='word_1_84' title='bbox 1463 1715 1587 1788; x_wconf 87' lang='lat' dir='ltr'>suiset</span> <span class='ocrx_word' id='word_1_85' title='bbox 1606 1715 1719 1790; x_wconf 85' lang='lat' dir='ltr'>casale</span> <span class='ocrx_word' id='word_1_86' title='bbox 1732 1717 1875 1812; x_wconf 88' lang='lat' dir='ltr'>Spatule</span> <span class='ocrx_word' id='word_1_87' title='bbox 1889 1738 1967 1790; x_wconf 91' lang='lat' dir='ltr'>cum</span> 
     </span>
     <span class='ocr_line' id='line_1_11' title="bbox 553 1837 1963 1934; baseline 0.003 -24"><span class='ocrx_word' id='word_1_88' title='bbox 553 1840 687 1912; x_wconf 91' lang='lat' dir='ltr'>cultura</span> <span class='ocrx_word' id='word_1_89' title='bbox 704 1861 774 1934; x_wconf 92' lang='lat' dir='ltr'>qne</span> <span class='ocrx_word' id='word_1_90' title='bbox 791 1837 917 1911; x_wconf 89' lang='lat' dir='ltr'>dicitur</span> <span class='ocrx_word' id='word_1_91' title='bbox 936 1838 982 1912; x_wconf 93' lang='lat' dir='ltr'>de</span> <span class='ocrx_word' id='word_1_92' title='bbox 998 1839 1174 1930; x_wconf 88' lang='lat' dir='ltr'>blarruni,</span> <span class='ocrx_word' id='word_1_93' title='bbox 1192 1837 1374 1912; x_wconf 84' lang='lat' dir='ltr'>ecclesium</span> <span class='ocrx_word' id='word_1_94' title='bbox 1388 1839 1504 1912; x_wconf 88' lang='lat' dir='ltr'>Sancti</span> <span class='ocrx_word' id='word_1_95' title='bbox 1522 1838 1658 1914; x_wconf 84' lang='lat' dir='ltr'>leontis</span> <span class='ocrx_word' id='word_1_96' title='bbox 1672 1860 1753 1911; x_wconf 93' lang='lat' dir='ltr'>cum</span> <span class='ocrx_word' id='word_1_97' title='bbox 1767 1841 1873 1912; x_wconf 82' lang='lat' dir='ltr'>casali</span> <span class='ocrx_word' id='word_1_98' title='bbox 1888 1863 1963 1929; x_wconf 76' lang='lat' dir='ltr'>suo,</span> 
     </span>
     <span class='ocr_line' id='line_1_12' title="bbox 554 1963 1967 2061; baseline 0 -23"><span class='ocrx_word' id='word_1_99' title='bbox 554 1965 772 2059; x_wconf 91' lang='lat' dir='ltr'>hominibus,</span> <span class='ocrx_word' id='word_1_100' title='bbox 793 1965 955 2057; x_wconf 88' lang='lat' dir='ltr'>culturis,</span> <span class='ocrx_word' id='word_1_101' title='bbox 976 1964 1123 2061; x_wconf 90' lang='lat' dir='ltr'>prediis,</span> <span class='ocrx_word' id='word_1_102' title='bbox 1143 1964 1283 2060; x_wconf 80' lang='lat' dir='ltr'>pascuis</span> <span class='ocrx_word' id='word_1_103' title='bbox 1309 1973 1344 2038; x_wconf 90' lang='lat' dir='ltr'>et</span> <span class='ocrx_word' id='word_1_104' title='bbox 1366 1964 1542 2038; x_wconf 68' lang='lat' dir='ltr'>memoriis</span> <span class='ocrx_word' id='word_1_105' title='bbox 1557 1972 1593 2037; x_wconf 89' lang='lat' dir='ltr'>at</span> <span class='ocrx_word' id='word_1_106' title='bbox 1618 1963 1781 2037; x_wconf 83' lang='lat' dir='ltr'>omnibus</span> <span class='ocrx_word' id='word_1_107' title='bbox 1798 1965 1902 2057; x_wconf 84' lang='lat' dir='ltr'>justis</span> <span class='ocrx_word' id='word_1_108' title='bbox 1918 1974 1967 2038; x_wconf 90' lang='lat' dir='ltr'>te·</span> 
     </span>
     <span class='ocr_line' id='line_1_13' title="bbox 554 2087 1967 2186; baseline 0.001 -24"><span class='ocrx_word' id='word_1_109' title='bbox 554 2090 715 2164; x_wconf 84' lang='lat' dir='ltr'>nimentis</span> <span class='ocrx_word' id='word_1_110' title='bbox 732 2097 778 2164; x_wconf 50' lang='lat' dir='ltr'>ct*</span> <span class='ocrx_word' id='word_1_111' title='bbox 790 2089 1003 2186; x_wconf 89' lang='lat' dir='ltr'>pertinentiis</span> <span class='ocrx_word' id='word_1_112' title='bbox 1022 2089 1107 2182; x_wconf 91' lang='lat' dir='ltr'>suis,</span> <span class='ocrx_word' id='word_1_113' title='bbox 1130 2089 1310 2164; x_wconf 90' lang='lat' dir='ltr'>ecclesiam</span> <span class='ocrx_word' id='word_1_114' title='bbox 1324 2087 1564 2186; x_wconf 82' lang='lat' dir='ltr'>Apostolorum</span> <span class='ocrx_word' id='word_1_115' title='bbox 1582 2095 1618 2162; x_wconf 85' lang='lat' dir='ltr'>et</span> <span class='ocrx_word' id='word_1_116' title='bbox 1639 2088 1820 2183; x_wconf 74' lang='lat' dir='ltr'>grangiam</span> <span class='ocrx_word' id='word_1_117' title='bbox 1837 2087 1967 2164; x_wconf 81' lang='lat' dir='ltr'>Arsafie</span> 
     </span>
     <span class='ocr_line' id='line_1_14' title="bbox 553 2213 1967 2314; baseline -0.001 -26"><span class='ocrx_word' id='word_1_118' title='bbox 553 2237 633 2289; x_wconf 93' lang='lat' dir='ltr'>cum</span> <span class='ocrx_word' id='word_1_119' title='bbox 652 2216 841 2310; x_wconf 82' lang='lat' dir='ltr'>casalibus,</span> <span class='ocrx_word' id='word_1_120' title='bbox 859 2215 1059 2288; x_wconf 89' lang='lat' dir='ltr'>bominibus</span> <span class='ocrx_word' id='word_1_121' title='bbox 1075 2223 1110 2287; x_wconf 90' lang='lat' dir='ltr'>et</span> <span class='ocrx_word' id='word_1_122' title='bbox 1129 2215 1290 2288; x_wconf 89' lang='lat' dir='ltr'>omnibus</span> <span class='ocrx_word' id='word_1_123' title='bbox 1314 2215 1528 2314; x_wconf 89' lang='lat' dir='ltr'>pertinentiis</span> <span class='ocrx_word' id='word_1_124' title='bbox 1552 2225 1588 2288; x_wconf 89' lang='lat' dir='ltr'>et</span> <span class='ocrx_word' id='word_1_125' title='bbox 1611 2213 1808 2288; x_wconf 90' lang='lat' dir='ltr'>tenimentis</span> <span class='ocrx_word' id='word_1_126' title='bbox 1830 2215 1904 2288; x_wconf 86' lang='lat' dir='ltr'>suis</span> <span class='ocrx_word' id='word_1_127' title='bbox 1930 2215 1967 2287; x_wconf 92' lang='lat' dir='ltr'>in</span> 
     </span>
     <span class='ocr_line' id='line_1_15' title="bbox 553 2339 1966 2434; baseline 0.001 -21"><span class='ocrx_word' id='word_1_128' title='bbox 553 2341 721 2415; x_wconf 89' lang='lat' dir='ltr'>territorio</span> <span class='ocrx_word' id='word_1_129' title='bbox 745 2341 842 2434; x_wconf 89' lang='lat' dir='ltr'>Stili,</span> <span class='ocrx_word' id='word_1_130' title='bbox 865 2341 1044 2416; x_wconf 90' lang='lat' dir='ltr'>ecclesiam</span> <span class='ocrx_word' id='word_1_131' title='bbox 1066 2341 1181 2416; x_wconf 83' lang='lat' dir='ltr'>Sancti</span> <span class='ocrx_word' id='word_1_132' title='bbox 1206 2341 1340 2416; x_wconf 87' lang='lat' dir='ltr'>Fantini</span> <span class='ocrx_word' id='word_1_133' title='bbox 1366 2351 1401 2416; x_wconf 90' lang='lat' dir='ltr'>et</span> <span class='ocrx_word' id='word_1_134' title='bbox 1423 2341 1603 2416; x_wconf 82' lang='lat' dir='ltr'>ecclesiam</span> <span class='ocrx_word' id='word_1_135' title='bbox 1629 2339 1743 2413; x_wconf 91' lang='lat' dir='ltr'>Sancti</span> <span class='ocrx_word' id='word_1_136' title='bbox 1766 2339 1897 2415; x_wconf 90' lang='lat' dir='ltr'>Nicolai</span> <span class='ocrx_word' id='word_1_137' title='bbox 1922 2340 1966 2414; x_wconf 91' lang='lat' dir='ltr'>de</span> 
     </span>
     <span class='ocr_line' id='line_1_16' title="bbox 551 2465 1964 2564; baseline 0.001 -26"><span class='ocrx_word' id='word_1_138' title='bbox 551 2465 667 2540; x_wconf 88' lang='lat' dir='ltr'>Trivio</span> <span class='ocrx_word' id='word_1_139' title='bbox 689 2488 770 2538; x_wconf 93' lang='lat' dir='ltr'>cum</span> <span class='ocrx_word' id='word_1_140' title='bbox 791 2467 954 2540; x_wconf 91' lang='lat' dir='ltr'>omnibus</span> <span class='ocrx_word' id='word_1_141' title='bbox 975 2467 1191 2564; x_wconf 87' lang='lat' dir='ltr'>pertinentiis</span> <span class='ocrx_word' id='word_1_142' title='bbox 1211 2477 1247 2542; x_wconf 92' lang='lat' dir='ltr'>et</span> <span class='ocrx_word' id='word_1_143' title='bbox 1264 2467 1459 2541; x_wconf 91' lang='lat' dir='ltr'>tenimentis</span> <span class='ocrx_word' id='word_1_144' title='bbox 1484 2487 1624 2556; x_wconf 89' lang='lat' dir='ltr'>earum,</span> <span class='ocrx_word' id='word_1_145' title='bbox 1643 2465 1824 2538; x_wconf 84' lang='lat' dir='ltr'>ecclesiam</span> <span class='ocrx_word' id='word_1_146' title='bbox 1851 2467 1964 2539; x_wconf 89' lang='lat' dir='ltr'>Sancti</span> 
     </span>
     <span class='ocr_line' id='line_1_17' title="bbox 550 2590 1966 2683; baseline 0.001 -19"><span class='ocrx_word' id='word_1_147' title='bbox 550 2591 669 2666; x_wconf 87' lang='lat' dir='ltr'>lacobi</span> <span class='ocrx_word' id='word_1_148' title='bbox 692 2590 738 2666; x_wconf 88' lang='lat' dir='ltr'>da</span> <span class='ocrx_word' id='word_1_149' title='bbox 762 2591 939 2666; x_wconf 86' lang='lat' dir='ltr'>Mentabro</span> <span class='ocrx_word' id='word_1_150' title='bbox 965 2613 1045 2665; x_wconf 89' lang='lat' dir='ltr'>cum</span> <span class='ocrx_word' id='word_1_151' title='bbox 1061 2593 1233 2666; x_wconf 84' lang='lat' dir='ltr'>casulibus</span> <span class='ocrx_word' id='word_1_152' title='bbox 1248 2593 1340 2677; x_wconf 75' lang='lat' dir='ltr'>su&#39;m,</span> <span class='ocrx_word' id='word_1_153' title='bbox 1357 2592 1520 2668; x_wconf 83' lang='lat' dir='ltr'>videlicet</span> <span class='ocrx_word' id='word_1_154' title='bbox 1538 2591 1652 2666; x_wconf 86' lang='lat' dir='ltr'>casale</span> <span class='ocrx_word' id='word_1_155' title='bbox 1673 2591 1858 2683; x_wconf 73' lang='lat' dir='ltr'>amant,</span> <span class='ocrx_word' id='word_1_156' title='bbox 1883 2592 1966 2666; x_wconf 80' lang='lat' dir='ltr'>Gas-</span> 
     </span>
     <span class='ocr_line' id='line_1_18' title="bbox 551 2715 1964 2816; baseline -0.003 -24"><span class='ocrx_word' id='word_1_157' title='bbox 551 2717 673 2815; x_wconf 88' lang='lat' dir='ltr'>parine</span> <span class='ocrx_word' id='word_1_158' title='bbox 689 2726 724 2791; x_wconf 91' lang='lat' dir='ltr'>et</span> <span class='ocrx_word' id='word_1_159' title='bbox 740 2717 894 2790; x_wconf 84' lang='lat' dir='ltr'>Aruncbi</span> <span class='ocrx_word' id='word_1_160' title='bbox 917 2739 996 2789; x_wconf 91' lang='lat' dir='ltr'>cnm</span> <span class='ocrx_word' id='word_1_161' title='bbox 1015 2718 1178 2792; x_wconf 92' lang='lat' dir='ltr'>omnibus</span> <span class='ocrx_word' id='word_1_162' title='bbox 1202 2717 1418 2816; x_wconf 88' lang='lat' dir='ltr'>pertinentiis</span> <span class='ocrx_word' id='word_1_163' title='bbox 1441 2725 1477 2790; x_wconf 90' lang='lat' dir='ltr'>et</span> <span class='ocrx_word' id='word_1_164' title='bbox 1503 2715 1699 2790; x_wconf 89' lang='lat' dir='ltr'>tenimentis</span> <span class='ocrx_word' id='word_1_165' title='bbox 1725 2716 1799 2790; x_wconf 87' lang='lat' dir='ltr'>suis</span> <span class='ocrx_word' id='word_1_166' title='bbox 1824 2725 1860 2789; x_wconf 91' lang='lat' dir='ltr'>et</span> <span class='ocrx_word' id='word_1_167' title='bbox 1886 2737 1964 2789; x_wconf 90' lang='lat' dir='ltr'>cum</span> 
     </span>
     <span class='ocr_line' id='line_1_19' title="bbox 551 2839 1964 2938; baseline -0.001 -24"><span class='ocrx_word' id='word_1_168' title='bbox 551 2843 724 2916; x_wconf 89' lang='lat' dir='ltr'>universis</span> <span class='ocrx_word' id='word_1_169' title='bbox 749 2843 886 2916; x_wconf 89' lang='lat' dir='ltr'>villanis</span> <span class='ocrx_word' id='word_1_170' title='bbox 903 2865 991 2938; x_wconf 90' lang='lat' dir='ltr'>quos</span> <span class='ocrx_word' id='word_1_171' title='bbox 1004 2843 1109 2916; x_wconf 88' lang='lat' dir='ltr'>babet</span> <span class='ocrx_word' id='word_1_172' title='bbox 1133 2843 1226 2916; x_wconf 91' lang='lat' dir='ltr'>idem</span> <span class='ocrx_word' id='word_1_173' title='bbox 1252 2842 1495 2916; x_wconf 86' lang='lat' dir='ltr'>monasterium</span> <span class='ocrx_word' id='word_1_174' title='bbox 1512 2841 1548 2914; x_wconf 94' lang='lat' dir='ltr'>in</span> <span class='ocrx_word' id='word_1_175' title='bbox 1566 2839 1730 2938; x_wconf 87' lang='lat' dir='ltr'>predictis</span> <span class='ocrx_word' id='word_1_176' title='bbox 1746 2841 1919 2915; x_wconf 85' lang='lat' dir='ltr'>casalibus</span> <span class='ocrx_word' id='word_1_177' title='bbox 1931 2850 1964 2914; x_wconf 92' lang='lat' dir='ltr'>et</span> 
     </span>
     <span class='ocr_line' id='line_1_20' title="bbox 551 2967 1963 3066; baseline -0.001 -25"><span class='ocrx_word' id='word_1_178' title='bbox 551 2991 631 3041; x_wconf 92' lang='lat' dir='ltr'>cum</span> <span class='ocrx_word' id='word_1_179' title='bbox 647 2967 786 3042; x_wconf 90' lang='lat' dir='ltr'>villanis</span> <span class='ocrx_word' id='word_1_180' title='bbox 806 2989 894 3064; x_wconf 90' lang='lat' dir='ltr'>quos</span> <span class='ocrx_word' id='word_1_181' title='bbox 910 2969 1154 3042; x_wconf 90' lang='lat' dir='ltr'>monasterium</span> <span class='ocrx_word' id='word_1_182' title='bbox 1171 2969 1285 3066; x_wconf 93' lang='lat' dir='ltr'>ipsum</span> <span class='ocrx_word' id='word_1_183' title='bbox 1301 2969 1404 3044; x_wconf 86' lang='lat' dir='ltr'>hehet</span> <span class='ocrx_word' id='word_1_184' title='bbox 1428 2969 1465 3041; x_wconf 94' lang='lat' dir='ltr'>in</span> <span class='ocrx_word' id='word_1_185' title='bbox 1487 2969 1591 3042; x_wconf 89' lang='lat' dir='ltr'>casali</span> <span class='ocrx_word' id='word_1_186' title='bbox 1607 2967 1745 3040; x_wconf 87' lang='lat' dir='ltr'>Stalacti</span> <span class='ocrx_word' id='word_1_187' title='bbox 1761 2967 1823 3064; x_wconf 88' lang='lat' dir='ltr'>qui</span> <span class='ocrx_word' id='word_1_188' title='bbox 1841 2967 1963 3040; x_wconf 93' lang='lat' dir='ltr'>dicun·</span> 
     </span>
     <span class='ocr_line' id='line_1_21' title="bbox 552 3091 1962 3194; baseline -0.002 -27"><span class='ocrx_word' id='word_1_189' title='bbox 552 3103 609 3167; x_wconf 90' lang='lat' dir='ltr'>tur</span> <span class='ocrx_word' id='word_1_190' title='bbox 627 3095 672 3168; x_wconf 94' lang='lat' dir='ltr'>de</span> <span class='ocrx_word' id='word_1_191' title='bbox 693 3093 771 3168; x_wconf 79' lang='lat' dir='ltr'>desi</span> <span class='ocrx_word' id='word_1_192' title='bbox 799 3103 833 3168; x_wconf 92' lang='lat' dir='ltr'>et</span> <span class='ocrx_word' id='word_1_193' title='bbox 857 3094 935 3168; x_wconf 84' lang='lat' dir='ltr'>aliis</span> <span class='ocrx_word' id='word_1_194' title='bbox 960 3093 1099 3168; x_wconf 86' lang='lat' dir='ltr'>villanis</span> <span class='ocrx_word' id='word_1_195' title='bbox 1122 3091 1183 3190; x_wconf 89' lang='lat' dir='ltr'>qui</span> <span class='ocrx_word' id='word_1_196' title='bbox 1209 3093 1365 3168; x_wconf 87' lang='lat' dir='ltr'>habitant</span> <span class='ocrx_word' id='word_1_197' title='bbox 1389 3115 1452 3194; x_wconf 89' lang='lat' dir='ltr'>per</span> <span class='ocrx_word' id='word_1_198' title='bbox 1477 3093 1615 3168; x_wconf 86' lang='lat' dir='ltr'>diversa</span> <span class='ocrx_word' id='word_1_199' title='bbox 1635 3093 1709 3168; x_wconf 89' lang='lat' dir='ltr'>loca</span> <span class='ocrx_word' id='word_1_200' title='bbox 1736 3093 1772 3166; x_wconf 95' lang='lat' dir='ltr'>in</span> <span class='ocrx_word' id='word_1_201' title='bbox 1797 3091 1962 3166; x_wconf 90' lang='lat' dir='ltr'>territorio</span> 
     </span>
     <span class='ocr_line' id='line_1_22' title="bbox 551 3217 1961 3315; baseline -0.001 -23"><span class='ocrx_word' id='word_1_202' title='bbox 551 3221 739 3315; x_wconf 89' lang='lat' dir='ltr'>Squillacii.</span> <span class='ocrx_word' id='word_1_203' title='bbox 759 3219 987 3294; x_wconf 75' lang='lat' dir='ltr'>concedimus</span> <span class='ocrx_word' id='word_1_204' title='bbox 1000 3221 1103 3294; x_wconf 71' lang='lat' dir='ltr'>edam</span> <span class='ocrx_word' id='word_1_205' title='bbox 1121 3228 1156 3294; x_wconf 88' lang='lat' dir='ltr'>at</span> <span class='ocrx_word' id='word_1_206' title='bbox 1172 3217 1416 3294; x_wconf 83' lang='lat' dir='ltr'>confirmamus</span> <span class='ocrx_word' id='word_1_207' title='bbox 1439 3218 1533 3292; x_wconf 88' lang='lat' dir='ltr'>dicto</span> <span class='ocrx_word' id='word_1_208' title='bbox 1555 3219 1762 3294; x_wconf 83' lang='lat' dir='ltr'>monasterio</span> <span class='ocrx_word' id='word_1_209' title='bbox 1783 3217 1961 3292; x_wconf 84' lang='lat' dir='ltr'>ecclesiam</span> 
     </span>
     <span class='ocr_line' id='line_1_23' title="bbox 551 3341 1960 3441; baseline -0.004 -22"><span class='ocrx_word' id='word_1_210' title='bbox 551 3347 715 3420; x_wconf 90' lang='lat' dir='ltr'>Omnium</span> <span class='ocrx_word' id='word_1_211' title='bbox 731 3347 934 3420; x_wconf 83' lang='lat' dir='ltr'>Sanctorum</span> <span class='ocrx_word' id='word_1_212' title='bbox 951 3368 1021 3441; x_wconf 89' lang='lat' dir='ltr'>que</span> <span class='ocrx_word' id='word_1_213' title='bbox 1035 3345 1162 3418; x_wconf 89' lang='lat' dir='ltr'>dicitur</span> <span class='ocrx_word' id='word_1_214' title='bbox 1177 3345 1322 3440; x_wconf 71' lang='lat' dir='ltr'>grangia</span> <span class='ocrx_word' id='word_1_215' title='bbox 1338 3345 1385 3419; x_wconf 91' lang='lat' dir='ltr'>de</span> <span class='ocrx_word' id='word_1_216' title='bbox 1402 3345 1580 3418; x_wconf 81' lang='lat' dir='ltr'>Camaruto</span> <span class='ocrx_word' id='word_1_217' title='bbox 1595 3353 1632 3416; x_wconf 91' lang='lat' dir='ltr'>et</span> <span class='ocrx_word' id='word_1_218' title='bbox 1650 3343 1832 3416; x_wconf 88' lang='lat' dir='ltr'>ecclesiam</span> <span class='ocrx_word' id='word_1_219' title='bbox 1847 3341 1960 3416; x_wconf 81' lang='lat' dir='ltr'>Sancti</span> 
     </span>
     <span class='ocr_line' id='line_1_24' title="bbox 550 3465 1961 3566; baseline -0.004 -20"><span class='ocrx_word' id='word_1_220' title='bbox 550 3472 656 3546; x_wconf 90' lang='lat' dir='ltr'>Scssii</span> <span class='ocrx_word' id='word_1_221' title='bbox 672 3493 753 3544; x_wconf 93' lang='lat' dir='ltr'>cum</span> <span class='ocrx_word' id='word_1_222' title='bbox 766 3471 966 3545; x_wconf 91' lang='lat' dir='ltr'>bominibus</span> <span class='ocrx_word' id='word_1_223' title='bbox 980 3479 1015 3544; x_wconf 90' lang='lat' dir='ltr'>et</span> <span class='ocrx_word' id='word_1_224' title='bbox 1032 3469 1195 3544; x_wconf 92' lang='lat' dir='ltr'>omnibns</span> <span class='ocrx_word' id='word_1_225' title='bbox 1207 3469 1422 3566; x_wconf 88' lang='lat' dir='ltr'>pertinentiis</span> <span class='ocrx_word' id='word_1_226' title='bbox 1445 3477 1481 3542; x_wconf 86' lang='lat' dir='ltr'>ct</span> <span class='ocrx_word' id='word_1_227' title='bbox 1505 3467 1702 3542; x_wconf 73' lang='lat' dir='ltr'>mulmentis</span> <span class='ocrx_word' id='word_1_228' title='bbox 1717 3467 1790 3540; x_wconf 88' lang='lat' dir='ltr'>suis</span> <span class='ocrx_word' id='word_1_229' title='bbox 1806 3469 1843 3538; x_wconf 92' lang='lat' dir='ltr'>in</span> <span class='ocrx_word' id='word_1_230' title='bbox 1860 3465 1961 3540; x_wconf 89' lang='lat' dir='ltr'>terri·-</span> 
     </span>
     <span class='ocr_line' id='line_1_25' title="bbox 549 3589 1960 3692; baseline -0.005 -22"><span class='ocrx_word' id='word_1_231' title='bbox 549 3597 637 3671; x_wconf 90' lang='lat' dir='ltr'>tcrio</span> <span class='ocrx_word' id='word_1_232' title='bbox 653 3597 799 3671; x_wconf 88' lang='lat' dir='ltr'>Satriani</span> <span class='ocrx_word' id='word_1_233' title='bbox 824 3607 859 3670; x_wconf 89' lang='lat' dir='ltr'>et</span> <span class='ocrx_word' id='word_1_234' title='bbox 875 3595 1052 3690; x_wconf 81' lang='lat' dir='ltr'>Badulati,</span> <span class='ocrx_word' id='word_1_235' title='bbox 1072 3618 1160 3692; x_wconf 90' lang='lat' dir='ltr'>quas</span> <span class='ocrx_word' id='word_1_236' title='bbox 1183 3595 1344 3668; x_wconf 83' lang='lat' dir='ltr'>ecclesias</span> <span class='ocrx_word' id='word_1_237' title='bbox 1367 3591 1484 3691; x_wconf 89' lang='lat' dir='ltr'>ipsum</span> <span class='ocrx_word' id='word_1_238' title='bbox 1503 3593 1748 3667; x_wconf 88' lang='lat' dir='ltr'>monasterium</span> <span class='ocrx_word' id='word_1_239' title='bbox 1774 3613 1854 3664; x_wconf 94' lang='lat' dir='ltr'>cum</span> <span class='ocrx_word' id='word_1_240' title='bbox 1876 3589 1960 3664; x_wconf 90' lang='lat' dir='ltr'>teni·</span> 
     </span>
     <span class='ocr_line' id='line_1_26' title="bbox 550 3717 1958 3818; baseline -0.008 -20"><span class='ocrx_word' id='word_1_241' title='bbox 550 3725 674 3798; x_wconf 89' lang='lat' dir='ltr'>mentis</span> <span class='ocrx_word' id='word_1_242' title='bbox 695 3723 767 3796; x_wconf 87' lang='lat' dir='ltr'>suis</span> <span class='ocrx_word' id='word_1_243' title='bbox 786 3721 891 3796; x_wconf 90' lang='lat' dir='ltr'>babet</span> <span class='ocrx_word' id='word_1_244' title='bbox 915 3731 950 3796; x_wconf 88' lang='lat' dir='ltr'>et</span> <span class='ocrx_word' id='word_1_245' title='bbox 976 3719 1130 3818; x_wconf 85' lang='lat' dir='ltr'>possidet</span> <span class='ocrx_word' id='word_1_246' title='bbox 1158 3741 1205 3794; x_wconf 84' lang='lat' dir='ltr'>ex</span> <span class='ocrx_word' id='word_1_247' title='bbox 1227 3717 1412 3792; x_wconf 89' lang='lat' dir='ltr'>donatione</span> <span class='ocrx_word' id='word_1_248' title='bbox 1439 3717 1601 3791; x_wconf 91' lang='lat' dir='ltr'>comitum</span> <span class='ocrx_word' id='word_1_249' title='bbox 1622 3726 1657 3792; x_wconf 90' lang='lat' dir='ltr'>et</span> <span class='ocrx_word' id='word_1_250' title='bbox 1673 3717 1857 3790; x_wconf 88' lang='lat' dir='ltr'>baronum.</span> <span class='ocrx_word' id='word_1_251' title='bbox 1879 3717 1958 3788; x_wconf 92' lang='lat' dir='ltr'>ltem</span> 
     </span>
     <span class='ocr_line' id='line_1_27' title="bbox 550 3841 1959 3925; baseline -0.009 0"><span class='ocrx_word' id='word_1_252' title='bbox 550 3849 772 3925; x_wconf 88' lang='lat' dir='ltr'>concedimus</span> <span class='ocrx_word' id='word_1_253' title='bbox 795 3857 830 3922; x_wconf 92' lang='lat' dir='ltr'>et</span> <span class='ocrx_word' id='word_1_254' title='bbox 856 3845 1098 3921; x_wconf 86' lang='lat' dir='ltr'>confirmamus</span> <span class='ocrx_word' id='word_1_255' title='bbox 1122 3845 1302 3920; x_wconf 86' lang='lat' dir='ltr'>ecclesiam</span> <span class='ocrx_word' id='word_1_256' title='bbox 1328 3844 1444 3918; x_wconf 90' lang='lat' dir='ltr'>Sancti</span> <span class='ocrx_word' id='word_1_257' title='bbox 1469 3843 1574 3918; x_wconf 86' lang='lat' dir='ltr'>Blasii</span> <span class='ocrx_word' id='word_1_258' title='bbox 1599 3865 1680 3918; x_wconf 88' lang='lat' dir='ltr'>cum</span> <span class='ocrx_word' id='word_1_259' title='bbox 1703 3841 1903 3916; x_wconf 92' lang='lat' dir='ltr'>bominibus</span> <span class='ocrx_word' id='word_1_260' title='bbox 1926 3849 1959 3912; x_wconf 90' lang='lat' dir='ltr'>ct</span> 
     </span>
     <span class='ocr_line' id='line_1_28' title="bbox 549 3947 1957 4070; baseline -0.008 -20"><span class='ocrx_word' id='word_1_261' title='bbox 549 3973 940 4070; x_wconf 80' lang='lat' dir='ltr'>omuibuspertinentiis</span> <span class='ocrx_word' id='word_1_262' title='bbox 952 3981 987 4046; x_wconf 81' lang='lat' dir='ltr'>a</span> <span class='ocrx_word' id='word_1_263' title='bbox 999 3971 1196 4046; x_wconf 70' lang='lat' dir='ltr'>enimenta</span> <span class='ocrx_word' id='word_1_264' title='bbox 1209 3947 1330 4044; x_wconf 76' lang='lat' dir='ltr'>sunu</span> <span class='ocrx_word' id='word_1_265' title='bbox 1343 3964 1643 4046; x_wconf 64' lang='lat' dir='ltr'>amarescat</span> <span class='ocrx_word' id='word_1_266' title='bbox 1653 3967 1957 4062; x_wconf 61' lang='lat' dir='ltr'>curameque</span> 
     </span>
     <span class='ocr_line' id='line_1_29' title="bbox 548 4091 1956 4192; baseline -0.01 -17"><span class='ocrx_word' id='word_1_267' title='bbox 548 4099 794 4175; x_wconf 90' lang='lat' dir='ltr'>monasterium</span> <span class='ocrx_word' id='word_1_268' title='bbox 808 4098 913 4170; x_wconf 90' lang='lat' dir='ltr'>habet</span> <span class='ocrx_word' id='word_1_269' title='bbox 925 4105 960 4170; x_wconf 90' lang='lat' dir='ltr'>et</span> <span class='ocrx_word' id='word_1_270' title='bbox 970 4096 1123 4192; x_wconf 89' lang='lat' dir='ltr'>possidet</span> <span class='ocrx_word' id='word_1_271' title='bbox 1133 4119 1180 4170; x_wconf 83' lang='lat' dir='ltr'>ex</span> <span class='ocrx_word' id='word_1_272' title='bbox 1193 4095 1379 4170; x_wconf 90' lang='lat' dir='ltr'>donatione</span> <span class='ocrx_word' id='word_1_273' title='bbox 1390 4095 1530 4170; x_wconf 91' lang='lat' dir='ltr'>domine</span> <span class='ocrx_word' id='word_1_274' title='bbox 1539 4093 1641 4188; x_wconf 83' lang='lat' dir='ltr'>Nida,</span> <span class='ocrx_word' id='word_1_275' title='bbox 1653 4093 1794 4168; x_wconf 83' lang='lat' dir='ltr'>dominc</span> <span class='ocrx_word' id='word_1_276' title='bbox 1803 4091 1956 4186; x_wconf 88' lang='lat' dir='ltr'>ejusdem</span> 
     </span>
     <span class='ocr_line' id='line_1_30' title="bbox 548 4213 1956 4313; baseline -0.011 -11"><span class='ocrx_word' id='word_1_277' title='bbox 548 4227 649 4302; x_wconf 90' lang='lat' dir='ltr'>castri</span> <span class='ocrx_word' id='word_1_278' title='bbox 666 4227 791 4298; x_wconf 90' lang='lat' dir='ltr'>Sancte</span> <span class='ocrx_word' id='word_1_279' title='bbox 806 4221 997 4296; x_wconf 85' lang='lat' dir='ltr'>Catherine.</span> <span class='ocrx_word' id='word_1_280' title='bbox 1017 4223 1102 4296; x_wconf 93' lang='lat' dir='ltr'>ltem</span> <span class='ocrx_word' id='word_1_281' title='bbox 1127 4221 1350 4295; x_wconf 91' lang='lat' dir='ltr'>concedimus</span> <span class='ocrx_word' id='word_1_282' title='bbox 1379 4229 1414 4294; x_wconf 87' lang='lat' dir='ltr'>et</span> <span class='ocrx_word' id='word_1_283' title='bbox 1435 4219 1678 4310; x_wconf 87' lang='lat' dir='ltr'>confirmamus</span> <span class='ocrx_word' id='word_1_284' title='bbox 1705 4217 1886 4313; x_wconf 74' lang='lat' dir='ltr'>grangiam</span> <span class='ocrx_word' id='word_1_285' title='bbox 1916 4213 1956 4288; x_wconf 92' lang='lat' dir='ltr'>dc</span> 
     </span>
     <span class='ocr_line' id='line_1_31' title="bbox 548 4339 1956 4452; baseline -0.012 -23"><span class='ocrx_word' id='word_1_286' title='bbox 548 4351 710 4452; x_wconf 88' lang='lat' dir='ltr'>Capistris</span> <span class='ocrx_word' id='word_1_287' title='bbox 733 4371 813 4423; x_wconf 91' lang='lat' dir='ltr'>cum</span> <span class='ocrx_word' id='word_1_288' title='bbox 834 4347 958 4441; x_wconf 89' lang='lat' dir='ltr'>casali,</span> <span class='ocrx_word' id='word_1_289' title='bbox 987 4347 1187 4421; x_wconf 93' lang='lat' dir='ltr'>hominibus</span> <span class='ocrx_word' id='word_1_290' title='bbox 1217 4355 1252 4421; x_wconf 85' lang='lat' dir='ltr'>et</span> <span class='ocrx_word' id='word_1_291' title='bbox 1279 4347 1448 4421; x_wconf 90' lang='lat' dir='ltr'>omnibus·</span> <span class='ocrx_word' id='word_1_292' title='bbox 1468 4345 1680 4444; x_wconf 87' lang='lat' dir='ltr'>pertinentiis</span> <span class='ocrx_word' id='word_1_293' title='bbox 1704 4353 1738 4417; x_wconf 91' lang='lat' dir='ltr'>et</span> <span class='ocrx_word' id='word_1_294' title='bbox 1765 4339 1956 4416; x_wconf 87' lang='lat' dir='ltr'>tenimentis</span> 
     </span>
     <span class='ocr_line' id='line_1_32' title="bbox 548 4468 1956 4570; baseline -0.01 -16"><span class='ocrx_word' id='word_1_295' title='bbox 548 4479 621 4554; x_wconf 90' lang='lat' dir='ltr'>suis</span> <span class='ocrx_word' id='word_1_296' title='bbox 641 4479 678 4552; x_wconf 94' lang='lat' dir='ltr'>in</span> <span class='ocrx_word' id='word_1_297' title='bbox 701 4473 868 4550; x_wconf 87' lang='lat' dir='ltr'>territorio</span> <span class='ocrx_word' id='word_1_298' title='bbox 894 4483 982 4549; x_wconf 86' lang='lat' dir='ltr'>terre</span> <span class='ocrx_word' id='word_1_299' title='bbox 1004 4474 1215 4568; x_wconf 72' lang='lat' dir='ltr'>brenacum,</span> <span class='ocrx_word' id='word_1_300' title='bbox 1243 4497 1349 4570; x_wconf 88' lang='lat' dir='ltr'>quam</span> <span class='ocrx_word' id='word_1_301' title='bbox 1370 4473 1615 4548; x_wconf 88' lang='lat' dir='ltr'>monasterium</span> <span class='ocrx_word' id='word_1_302' title='bbox 1631 4471 1736 4544; x_wconf 88' lang='lat' dir='ltr'>habat</span> <span class='ocrx_word' id='word_1_303' title='bbox 1756 4479 1791 4544; x_wconf 90' lang='lat' dir='ltr'>et</span> <span class='ocrx_word' id='word_1_304' title='bbox 1808 4468 1956 4566; x_wconf 82' lang='lat' dir='ltr'>possidet</span> 
     </span>
    </p>
   </div>
   <div class='ocr_carea' id='block_1_2' title="bbox 548 4593 1953 4822">
    <p class='ocr_par' dir='ltr' id='par_1_3' title="bbox 548 4593 1953 4822">
     <span class='ocr_line' id='line_1_33' title="bbox 548 4593 1953 4701; baseline -0.011 -21"><span class='ocrx_word' id='word_1_305' title='bbox 548 4629 595 4680; x_wconf 83' lang='lat' dir='ltr'>ex</span> <span class='ocrx_word' id='word_1_306' title='bbox 607 4603 792 4678; x_wconf 89' lang='lat' dir='ltr'>donatione</span> <span class='ocrx_word' id='word_1_307' title='bbox 808 4599 1026 4676; x_wconf 89' lang='lat' dir='ltr'>dominormn</span> <span class='ocrx_word' id='word_1_308' title='bbox 1042 4601 1151 4701; x_wconf 89' lang='lat' dir='ltr'>ipsius</span> <span class='ocrx_word' id='word_1_309' title='bbox 1164 4610 1254 4676; x_wconf 81' lang='lat' dir='ltr'>terre</span> <span class='ocrx_word' id='word_1_310' title='bbox 1267 4599 1471 4674; x_wconf 87' lang='lat' dir='ltr'>Arenarum.</span> <span class='ocrx_word' id='word_1_311' title='bbox 1492 4599 1577 4672; x_wconf 88' lang='lat' dir='ltr'>ltern</span> <span class='ocrx_word' id='word_1_312' title='bbox 1591 4593 1814 4672; x_wconf 86' lang='lat' dir='ltr'>concedimus</span> <span class='ocrx_word' id='word_1_313' title='bbox 1830 4604 1866 4668; x_wconf 90' lang='lat' dir='ltr'>et</span> <span class='ocrx_word' id='word_1_314' title='bbox 1878 4613 1953 4666; x_wconf 92' lang='lat' dir='ltr'>oon·</span> 
     </span>
     <span class='ocr_line' id='line_1_34' title="bbox 548 4715 1953 4822; baseline -0.011 -16"><span class='ocrx_word' id='word_1_315' title='bbox 548 4733 725 4806; x_wconf 88' lang='lat' dir='ltr'>firmamus</span> <span class='ocrx_word' id='word_1_316' title='bbox 744 4727 923 4822; x_wconf 78' lang='lat' dir='ltr'>grangiam</span> <span class='ocrx_word' id='word_1_317' title='bbox 949 4726 995 4800; x_wconf 90' lang='lat' dir='ltr'>dc</span> <span class='ocrx_word' id='word_1_318' title='bbox 1012 4726 1141 4800; x_wconf 92' lang='lat' dir='ltr'>Cuculo</span> <span class='ocrx_word' id='word_1_319' title='bbox 1163 4725 1201 4798; x_wconf 93' lang='lat' dir='ltr'>in</span> <span class='ocrx_word' id='word_1_320' title='bbox 1225 4725 1394 4798; x_wconf 86' lang='lat' dir='ltr'>territorio</span> <span class='ocrx_word' id='word_1_321' title='bbox 1416 4723 1611 4820; x_wconf 80' lang='lat' dir='ltr'>Squillacii,</span> <span class='ocrx_word' id='word_1_322' title='bbox 1637 4719 1817 4818; x_wconf 84' lang='lat' dir='ltr'>grangiam</span> <span class='ocrx_word' id='word_1_323' title='bbox 1845 4715 1953 4794; x_wconf 78' lang='lat' dir='ltr'>Sancti</span> 
     </span>
    </p>
   </div>
   <div class='ocr_carea' id='block_1_3' title="bbox 0 0 2166 5912">
    <p class='ocr_par' dir='ltr' id='par_1_4' title="bbox 0 0 2166 5912">
     <span class='ocr_line' id='line_1_35' title="bbox 0 0 2166 5912; baseline 0 3"><span class='ocrx_word' id='word_1_324' title='bbox 0 0 2166 5912; x_wconf 95' lang='lat' dir='ltr'> </span> 
     </span>
    </p>
   </div>
  </div>
 </body>
</html>
