4326 5910
190 603 286 664 unm.
305 600 366 680 12]
643 595 840 657 ttlsrottla
867 595 1161 658 btrnouautca
1547 593 1606 654 77¹1

189 747 360 833 angustus
381 743 416 808 et
437 733 496 807 alii
519 731 755 828 progenitores
776 741 811 804 et
823 741 1056 806 antecessores
1075 732 1183 806 nostri
1199 740 1405 821 statuerunt,
1423 730 1605 804 confirma-

190 872 272 936 rnnt
285 871 321 934 et
337 859 559 934 indulserunt
580 858 637 930 vel
662 857 749 930 locis
770 857 936 951 religiosis
948 859 1052 930 etiam
1067 857 1301 948 donaverunt,
1321 878 1384 930 nos
1401 877 1469 930 non
1491 857 1603 929 solnm

190 997 266 1062 rata
282 1009 325 1061 ao
341 985 442 1058 firma
459 993 654 1074 teneamus,
674 1003 797 1056 verum
814 984 915 1056 etiam
929 986 1008 1056 totis
1026 983 1161 1058 viribus
1178 982 1404 1057 defendentes
1423 981 1606 1056 autoritate

190 1113 287 1208 regia
303 1109 558 1184 confirmemus.
579 1107 667 1180 Hine
685 1105 850 1202 estquod
866 1106 913 1179 ad
936 1107 1091 1180 notitiam
1110 1108 1324 1202 singulorum
1346 1107 1508 1180 volumus
1524 1127 1607 1200 per-

191 1237 313 1312 venire
329 1233 427 1331 quod
451 1232 568 1308 dilecti
590 1231 698 1304 nostri
724 1231 833 1304 abbas
854 1241 888 1304 et
910 1242 1101 1304 conventus
1123 1233 1159 1303 in
1184 1232 1394 1305 Walkenriet
1418 1233 1465 1306 ad
1492 1240 1607 1304 nostre

193 1360 382 1453 maiestatis
406 1357 646 1432 excellentiam
671 1355 875 1430 accedentes
897 1357 997 1430 nobis
1018 1357 1195 1430 humiliter
1212 1357 1452 1454 supplicarunt
1473 1367 1513 1429 nt
1532 1355 1609 1453 pri-

194 1485 363 1580 vilegium
381 1482 490 1579 patris
513 1483 621 1554 nostri
640 1481 725 1578 ipsis
742 1481 914 1556 indultum
931 1481 1133 1556 confirmare
1153 1483 1353 1556 anctoritate
1371 1481 1467 1577 regia
1485 1481 1610 1576 digna·

194 1631 332 1699 remur;
354 1610 455 1702 cujus
469 1617 565 1680 tenor
582 1607 748 1682 tulisset:

244 1730 419 1832 [Sequatur
444 1743 691 1826 transumptum
708 1732 874 1826 pninlepit'
895 1735 1058 1806 Frirlerici
1073 1735 1225 1826 soercodi,
1246 1733 1318 1804 dati
1334 1733 1429 1828 apud
1449 1732 1610 1828 Hespe·

196 1859 271 1950 um,
293 1861 333 1929 ll
356 1858 546 1952 septembris
565 1853 692 1954 tutu]

244 1983 313 2057 Nos
326 1984 433 2078 igitur
442 1983 600 2078 vestigiis
608 1991 864 2056 antecessorum
872 1991 1066 2056 nostrorum
1077 1981 1236 2056 inherere
1246 1983 1445 2056 volenteset
1455 1983 1608 2056 maxime

196 2110 232 2180 in
250 2107 306 2182 bis
325 2130 394 2203 que
409 2109 503 2200 justa
522 2115 556 2180 et
571 2107 630 2202 pia
645 2128 722 2180 esse
738 2107 980 2198 dinoscuntur,
1002 2107 1221 2204 privilegium
1243 2108 1478 2202 gloriosissimi
1501 2107 1608 2204 patris
1686 2181 1687 2184 a

195 2234 302 2306 nostri
324 2235 424 2327 cujus
447 2241 543 2306 tenor
564 2231 600 2303 in
627 2231 693 2304 hac
719 2231 838 2304 charta
864 2233 1058 2305 continetur
1081 2243 1116 2306 et
1140 2233 1237 2307 aliud
1265 2233 1485 2329 privilegium
1512 2233 1608 2330 quod

196 2357 290 2432 idem
314 2379 379 2430 sua
404 2359 510 2452 regali
535 2356 770 2429 munificentia
793 2359 999 2430 monasterio
1025 2359 1060 2430 in
1080 2359 1303 2432 Wallrenried
1325 2361 1470 2432 contulit
1493 2369 1528 2432 et
1549 2360 1612 2431 in-

199 2481 320 2571 dulsit,
337 2482 420 2555 item
436 2483 657 2577 privilegium
677 2481 826 2554 lotharii
845 2482 954 2576 regis,
976 2482 1140 2556 Friderici
1159 2483 1279 2579 proavi
1298 2484 1404 2558 nostri
1424 2494 1459 2558 et
1475 2483 1613 2557 Henrici

198 2607 255 2680 avi
275 2607 382 2680 nostri
400 2607 530 2704 inclyte
542 2606 788 2680 recordationis
803 2608 1033 2679 Romanorum
1049 2607 1291 2704 imperatorum
1308 2619 1343 2682 et
1357 2609 1449 2704 regis
1466 2609 1614 2706 Philippi

198 2731 312 2827 patrui
334 2733 460 2825 nostri,
481 2731 615 2805 Ottonis
643 2731 857 2828 imperatoris
879 2733 937 2828 pie
958 2731 1222 2825 recordationis,
1242 2734 1357 2806 omnia
1375 2734 1519 2806 istorum
1540 2735 1615 2831 pri·

198 2856 327 2953 vilegia
344 2871 379 2930 et
399 2856 633 2953 indulgentias
659 2866 694 2929 et
714 2856 939 2930 continentias
961 2857 1117 2930 omnium
1140 2857 1294 2954 ipsorum
1314 2859 1479 2954 speciales
1500 2867 1535 2930 et
1554 2879 1615 2951 ge·

200 2982 335 3054 ncrales
349 2980 554 3055 auctoritate
573 2980 669 3076 regia
690 2979 945 3054 confirmamus.
969 2981 1214 3054 lionasterium
1234 3003 1374 3076 quoque
1392 2981 1427 3053 in
1446 2982 1616 3054 Wallren-

201 3105 289 3180 rieth
306 3127 387 3178 cum
403 3105 582 3179 monachis
599 3114 634 3178 et
659 3105 839 3198 fratribus,
856 3129 936 3178 curn
954 3105 1115 3179 omnibus
1133 3106 1234 3180 bonis
1255 3105 1328 3178 suis
1351 3105 1562 3202 ubicumque
1578 3105 1615 3178 in

202 3227 348 3324 imperio
375 3237 492 3301 nostro
518 3227 637 3323 positis
662 3228 850 3302 mobilibus
865 3239 899 3302 et
923 3229 1158 3302 immobilibus
1176 3239 1210 3303 et
1226 3229 1407 3326 mancipiis
1431 3231 1616 3328 recipimus

202 3352 270 3426 snb
282 3353 494 3448 protectione
508 3351 603 3447 regie
622 3353 821 3444 majestatis.
839 3356 1032 3428 statuentes
1045 3364 1080 3428 et
1100 3355 1195 3448 regia
1209 3363 1376 3452 potestate
1391 3357 1616 3453 precipientes

202 3485 374 3572 quatenus
400 3477 437 3550 in
455 3486 640 3573 posterum
669 3479 786 3552 nullus
814 3478 994 3552 hominnm
1019 3479 1270 3574 cujuscumque
1292 3490 1402 3554 status
1426 3503 1467 3554 ac
1491 3480 1617 3554 condi-

203 3601 321 3695 tionis,
342 3602 594 3676 ecclesiasticns
612 3602 688 3677 sive
703 3603 880 3690 secularis,
902 3603 1043 3676 humilis
1056 3603 1133 3678 sive
1148 3605 1319 3696 sublimis,
1335 3627 1422 3678 ausu
1436 3607 1616 3680 temerario

204 3737 380 3824 presumat
394 3737 513 3802 contra
529 3730 657 3802 factum
674 3737 828 3802 nostrum
847 3729 967 3804 venire
979 3739 1040 3802 aut
1056 3729 1293 3826 supradictum
1310 3731 1494 3804 cenobium
1512 3753 1618 3828 super

204 3852 479 3947 possessionibus
499 3851 572 3926 suis
591 3864 652 3926 aut
678 3854 954 3927 immunitatibus
975 3854 1051 3927 slve
1075 3855 1290 3928 libertatibus
1313 3856 1465 3950 aliquam
1492 3857 1618 3930 inferre

204 3977 395 4050 molestiam
408 3987 469 4050 ant
479 3979 859 4073 gravamen.Quodqui
874 3979 1005 4068 lecerit,
1017 3989 1130 4075 preter
1143 3978 1415 4074 indignationem
1429 3981 1491 4055 Dei
1505 3981 1618 4054 omni·

204 4103 354 4198 potentis
379 4123 485 4198 quam
510 4103 624 4198 ipsum
651 4103 813 4178 novimus
842 4105 1082 4196 incursurum,
1103 4105 1210 4199 regali
1233 4106 1346 4179 edicto
1365 4107 1549 4179 statuimus
1578 4115 1618 4177 ut

206 4235 345 4300 centum
356 4225 462 4299 libras
476 4227 553 4299 auri
566 4237 760 4324 componat,
772 4252 876 4302 unam
893 4230 1110 4303 medietatam
1123 4251 1258 4304 camere
1272 4241 1387 4304 nostre
1402 4241 1437 4304 et
1449 4231 1616 4325 reliquam

206 4372 309 4447 passo
336 4351 497 4444 injuriam
526 4355 812 4449 persolvendam
840 4365 875 4427 et
900 4355 946 4428 ad
970 4356 1075 4448 hujus
1104 4355 1154 4428 rei
1184 4357 1385 4428 memoriam
1415 4364 1615 4452 perpetuam

207 4495 349 4572 presens
366 4477 588 4572 privilegium
605 4479 708 4574 sigilli
724 4479 830 4552 nostri
845 4480 1068 4575 impressione
1085 4479 1228 4553 lecimus
1240 4481 1405 4553 roborari.

257 4600 373 4674 Testes
394 4601 499 4696 hujus
518 4604 569 4678 rei
587 4613 669 4677 sunt
685 4605 764 4678 Otto
786 4606 970 4702 episcopus
990 4604 1264 4702 Herbipolensis,
1283 4606 1499 4678 Hermannus
1519 4603 1617 4678 Wer·

208 4722 327 4798 densis
350 4729 563 4822 prepositus,
584 4730 817 4804 Theodericus
846 4730 1039 4827 prepositus
1058 4731 1093 4802 in
1119 4729 1341 4822 Nordhusen,
1370 4728 1620 4822 Degenbardus

289 4849 330 4910 ll.
352 4863 408 4908 Pus
423 4868 444 4909 a
1427 4867 1464 4917 98
