4326 5910
544 563 605 626 ’186
1068 561 1242 628 fluNatct
1266 565 1440 630 sctttttt
1771 561 1853 652 [Αιι
1871 566 1955 634 lm

549 698 682 774 scolteti
695 699 752 773 rel
771 698 919 792 alicujus
939 698 1029 792 juris
1042 707 1104 773 aut
1116 699 1262 774 dominii
1277 701 1313 774 in
1333 701 1457 778 esdesn
1475 697 1621 774 ecclesia
1642 717 1707 774 seu
1726 699 1829 775 loun
1844 701 1957 778 eidem

548 823 693 900 ecclesie
708 823 934 898 attinentibus
946 823 1014 897 sibi
1028 845 1196 920 usurpare
1213 835 1402 924 presumat,
1413 823 1499 921 quia
1510 823 1705 920 specialiter
1718 825 1833 922 ipsum
1844 827 1957 902 locum

548 951 616 1026 suh
629 957 745 1024 nostra
757 948 969 1046 protectione
979 957 1013 1022 et
1024 949 1217 1024 munitione
1231 950 1360 1026 habere
1374 950 1549 1024 volumus.
1558 946 1663 1035 Quod
1676 947 1707 1022 si
1717 949 1901 1046 eontigerit
1912 973 1957 1026 ex

549 1076 665 1170 aliqua
679 1083 776 1172 parte
788 1096 936 1170 regnum
947 1075 1140 1150 llomanum
1153 1076 1308 1152 vacillari
1321 1074 1382 1176 [et]
1394 1083 1533 1174 propter
1545 1073 1704 1150 diversos
1718 1097 1820 1152 casus
1831 1077 1958 1174 Bepar-

548 1199 643 1276 diam
658 1200 715 1274 vsl
730 1199 816 1274 elias
832 1199 1068 1296 possessiones
1083 1201 1182 1295 regni
1197 1201 1344 1298 obligari
1364 1203 1422 1276 vel
1435 1199 1619 1294 infeodari,
1636 1200 1753 1296 ipsum
1770 1201 1958 1276 dausuum

546 1326 671 1400 Sancte
682 1323 847 1400 Marieab
857 1325 954 1398 omni
968 1323 1170 1400 venditione
1181 1327 1239 1400 vel
1255 1325 1467 1422 obligations
1483 1333 1545 1400 aut
1562 1323 1799 1400 inleodutione
1813 1326 1958 1400 liberum

545 1459 581 1526 et
604 1449 801 1524 absolutum
827 1449 990 1523 volumus
1014 1471 1228 1546 permanere.
1258 1453 1303 1528 Ut
1326 1459 1444 1528 autem
1469 1451 1536 1524 hec
1561 1448 1662 1524 firma
1691 1458 1727 1524 st
1757 1450 1959 1526 inconvulsa

546 1575 808 1674 omnitempore
821 1575 1157 1672 permaneant,hane
1170 1585 1300 1650 curtam
1315 1575 1400 1652 inde
1411 1575 1517 1650 scribi
1527 1583 1563 1650 ct
1574 1573 1681 1671 sigilli
1695 1575 1804 1650 nostri
1815 1575 1958 1672 impres-

546 1701 644 1776 sione
661 1699 791 1796 signari
804 1699 992 1795 jussimus,
1006 1701 1116 1795 etqui
1130 1709 1307 1797 presentes
1322 1699 1468 1776 aderant
1484 1709 1590 1774 testes
1600 1699 1779 1774 subnotari
1794 1700 1955 1774 lecimus:

595 1823 755 1922 Sylridus
770 1825 1045 1920 llassuntinensis
1063 1825 1364 1923 archiepiscopus,
1382 1825 1604 1920 Engilbertus
1621 1825 1834 1900 Coloniensis
1850 1825 1960 1900 arehi-

545 1949 749 2048 episcopm,
783 1947 961 2024 Conradus
988 1951 1151 2024 Metsnsis
1182 1951 1367 2048 episeopus
1392 1950 1579 2048 imperialis
1609 1949 1689 2024 aule
1714 1950 1957 2043 cancellarius,

548 2074 780 2150 Theodericus
800 2074 1034 2170 llrhipolsnsis
1057 2077 1258 2174 episcopus,
1281 2076 1450 2152 llenricus
1471 2075 1733 2150 wormatiensis
1754 2073 1956 2172 episcopus,

547 2201 765 2275 Hermannus
781 2197 936 2272 marchio
954 2198 1000 2274 de
1019 2199 1157 2294 Baden,
1176 2200 1396 2276 Theobaldus
1411 2199 1565 2276 marchio
1582 2197 1628 2274 de
1642 2199 1867 2294 Heenburch,
1889 2197 1959 2272 Ge-

425 2367 430 2372 ·
457 2369 460 2376 ,
484 2369 488 2374 -
548 2324 673 2400 rardus
696 2343 812 2398 comes
830 2322 876 2398 de
891 2323 991 2415 Dice,
1020 2327 1150 2422 Symon
1172 2347 1289 2422 comes
1305 2328 1351 2403 de
1367 2325 1580 2416 Sarhruche,
1600 2323 1785 2400 Anselmus
1807 2324 1854 2399 de
1874 2325 1960 2398 lus-

548 2451 669 2544 tingen
691 2449 913 2544 marscalcus,
932 2451 1122 2526 Wemerus
1146 2452 1282 2550 dapitsr
1300 2452 1346 2527 de
1360 2453 1508 2546 Bollant,
1529 2449 1708 2526 Conradus
1730 2449 1895 2547 pincerna
1913 2447 1959 2522 de

545 2573 795 2670 Clingenbcreh
811 2583 846 2648 et
862 2573 922 2648 elii
936 2577 1172 2673 quamplures.

596 2699 743 2794 Signum
762 2697 894 2774 domini
909 2701 1048 2776 Henrici
1064 2703 1295 2776 Romanorum
1310 2699 1404 2797 regis
1417 2698 1567 2798 septimi.

593 2825 668 2921 Ego
696 2823 881 2900 Cunradus
909 2825 988 2900 vice
1022 2825 1154 2902 domini
1182 2825 1300 2902 Siliidi
1327 2823 1578 2924 archiepiscopi
1603 2831 1640 2898 et
1667 2817 1959 2896 archicancellarii

543 2971 743 3046 recognovi.

596 3077 684 3150 Data
707 3075 805 3172 apud
828 3075 1076 3165 wormatiam,
1095 3095 1188 3150 anno
1210 3073 1455 3152 incarnationis
1472 3070 1645 3148 dominice
1669 3069 1896 3162 llCCllllllll,
1915 3067 1959 3142 lll

549 3199 632 3275 idus
645 3199 810 3295 januarii,
829 3201 1019 3278 indictione
1034 3201 1109 3276 llll.

764 3519 866 3532 '‘fi-—
870 3519 1090 3528 —u—--u—-r—-n

347 3797 504 3910 „mim
599 3788 806 3898 Esuriens,
826 3789 1085 3874 Romanorum
1101 3813 1188 3896 rex,
1208 3785 1259 3872 ob
1276 3783 1472 3898 praeclara
1487 3781 1671 3893 obsequia
1697 3777 1960 3864 universorum

363 3907 489 3964 ⁸¹²¹¹'¹⁸‘¹¹'
548 3923 751 4010 hominum
771 3923 820 4005 de
844 3922 1061 4033 Wimpina,
1085 3922 1140 4006 eis
1166 3923 1233 4005 dat
1259 3921 1444 4006 forestum
1461 3943 1577 4002 suum
1598 3910 1961 4026 apudWollenberg

545 4060 587 4144 in
611 4057 901 4171 proprietatem,
918 4055 1005 4168 jure
1026 4053 1093 4142 illo
1120 4058 1225 4169 quod
1242 4056 1449 4168 adgeriter
1465 4053 1605 4137 dieitur
1621 4049 1843 4160 Algemsine
1863 4071 1959 4156 per-

544 4205 660 4304 petuo
681 4191 972 4304 possidendum.

590 4407 727 4486 (Edlder.
743 4407 862 4482 Luam,
879 4401 1086 4477 lincksorclia
1100 4412 1124 4467 t.
1139 4405 1223 4484 XIV,
1236 4423 1267 4484 p.
1283 4413 1354 4467 ott.
1368 4435 1408 4451 -
1423 4401 1605 4476 Prsrorrus,
1621 4393 1834 4472 Artemitam,
1854 4399 1879 4456 t.
1900 4392 1959 4466 lIl,

665 4533 697 4594 p.
714 4525 791 4592 etta,
805 4518 839 4576 ln
853 4531 913 4593 quo
926 4515 974 4576 tac
986 4515 1080 4576 dmlle
1093 4520 1123 4576 et
1134 4515 1222 4594 stgllit
1236 4511 1348 4592 elfigles
1360 4511 1562 4583 exhibentur.)

593 4706 632 4778 lu
654 4703 792 4778 nomine
812 4713 931 4778 sancte
948 4712 983 4778 et
997 4701 1182 4778 individue
1193 4700 1378 4776 Trinitatis.
1395 4697 1576 4774 Heinrieus
1589 4693 1756 4794 septimus
1771 4689 1835 4766 Dei
1849 4687 1960 4785 pade
