4326 5910
194 598 293 660 lauro.
312 595 376 676 12]
650 593 847 656 HISTORIA
872 593 1164 658 elaboraturus„
1556 599 1616 662 '185

195 743 230 808 et
241 732 388 829 gratiam
402 737 438 804 et
452 728 663 823 adjutorium
680 729 717 803 in
733 731 848 805 causis
857 753 992 821 eorum,
1008 730 1229 806 admonendo
1239 732 1447 806 mandamus
1461 741 1496 805 et
1511 755 1611 806 man·

197 857 315 935 dando
326 854 537 954 precipimus
549 856 715 950 quatinus
727 856 882 952 ipsomm
896 857 1103 931 adversariis
1116 857 1564 954 vicenostraseopponant,
1575 869 1611 933 st

195 1003 418 1082 quecumque
434 979 481 1054 ad
500 980 576 1054 illos
594 981 766 1077 pertinent
783 991 947 1078 tanquam
965 1005 1007 1057 ea
1025 1005 1095 1078 que
1109 992 1226 1056 nostra
1241 992 1323 1055 eunt
1339 981 1538 1056 defendant.
1554 983 1611 1055 ln·

196 1129 302 1206 super
314 1127 524 1203 quecunque
535 1105 703 1197 largiente
712 1107 859 1182 Domino
872 1130 893 1182 a
906 1108 1032 1181 nostris
1044 1107 1326 1181 ministerialibus
1341 1107 1397 1181 vel
1411 1107 1611 1181 bominibus

195 1233 272 1307 sive
289 1253 338 1305 ex
353 1230 587 1328 quorumlibet
607 1229 778 1304 beneficio
801 1241 963 1329 poterunt
986 1233 1134 1330 adipisci
1161 1233 1198 1304 in
1225 1233 1321 1305 omni
1347 1233 1423 1308 loeo
1453 1233 1612 1306 domina·

197 1357 300 1430 tionis
325 1365 442 1431 nostre
467 1363 503 1430 et
527 1353 786 1448 jurisdictione,
808 1356 845 1428 iu
872 1367 1079 1454 perpetuum
1098 1357 1321 1432 oonoedimus
1345 1357 1609 1454 possidendum.

195 1483 427 1555 Remouemus
451 1473 562 1554 etiam
578 1501 716 1554 omnem
741 1480 957 1555 exactionem
977 1482 1166 1579 precariam
1188 1503 1234 1556 ne
1257 1482 1405 1578 quilibet
1429 1481 1610 1556 hominnm

196 1605 389 1702 predictam
410 1604 590 1678 ecclesiam
610 1613 646 1678 et
665 1625 760 1677 nnnc
779 1613 814 1677 et
831 1605 867 1677 in
891 1606 1062 1700 reliquum
1089 1606 1126 1679 in
1143 1607 1260 1701 aliquo
1284 1606 1465 1679 molestare
1486 1616 1521 1680 et
1538 1617 1612 1680 tnr-

197 1731 282 1804 bare
315 1740 511 1827 presumat,
549 1728 697 1802 scientes
721 1727 880 1802 eamdem
912 1730 1092 1802 ecclesiam
1121 1729 1188 1802 sub
1210 1730 1316 1802 tutela
1340 1739 1376 1802 et
1401 1731 1612 1825 protectione

197 1862 314 1927 nostra
330 1853 491 1950 positam.
511 1853 725 1926 Elemosinas
742 1875 884 1950 quoque
899 1865 934 1927 et
946 1855 1121 1927 libertates
1140 1874 1229 1948 ques
1250 1861 1482 1927 antecessores
1504 1855 1612 1928 nostri

197 1978 342 2053 llomani
359 1999 459 2073 reges
479 1987 515 2050 ct
532 1978 755 2075 imperatores
777 2000 840 2075 pro
856 1978 1009 2052 remedio
1028 1979 1222 2052 animarum
1238 1999 1379 2052 suarum
1401 1979 1469 2075 ipsi
1491 2001 1612 2054 mona·

198 2104 304 2177 sterio
316 2103 547 2195 contulcmnt,
566 2111 601 2177 et
613 2124 679 2177 nos
693 2103 797 2176 simili
811 2103 915 2177 modo
930 2103 967 2175 in
980 2105 1127 2176 salutem
1140 2102 1255 2176 anime
1272 2111 1388 2176 nostre
1402 2103 1612 2178 oonledmns

198 2229 236 2301 in
252 2237 460 2326 perpetuum
474 2227 715 2324 possidendas.
735 2228 786 2301 lle
801 2236 884 2300 sunt
899 2236 1016 2301 autem
1034 2227 1234 2319 elemosine,
1253 2227 1298 2300 Vl
1312 2249 1446 2318 maroe,
1466 2227 1612 2302 dimidia

198 2361 331 2427 carrata
349 2353 425 2426 vini
442 2353 487 2428 de
503 2353 615 2426 vineis
630 2353 756 2427 nostris
770 2375 859 2448 quas
873 2354 987 2427 edicto
1001 2352 1109 2447 regali
1125 2352 1336 2448 precipimus
1347 2361 1387 2424 ut
1400 2353 1612 2450 quicumque

199 2487 385 2552 nosteraut
398 2499 636 2552 suecessomm
647 2487 839 2551 nostrorum
850 2478 1036 2553 ollioiarius
1050 2477 1086 2549 iu
1102 2477 1273 2573 Bopardia
1287 2477 1451 2571 extiterit,
1462 2478 1537 2552 sine
1548 2479 1613 2553 ali·

199 2625 270 2698 qua
288 2601 518 2678 diminutione
531 2603 586 2677 vel
603 2603 827 2677 excusatione
843 2605 901 2677 vel
918 2603 1098 2677 occasione
1120 2601 1296 2698 sepedicte
1308 2603 1453 2675 ecclesis
1470 2603 1516 2677 de
1529 2601 1613 2676 fiseo

200 2727 297 2822 regio
311 2727 358 2801 ad
374 2749 460 2801 usus
477 2729 619 2802 fratrum
633 2741 669 2802 st
681 2751 837 2803 summm
849 2730 1029 2803 annuatim
1045 2730 1235 2825 persolvat;
1254 2736 1407 2823 preterea
1425 2727 1531 2801 curtis
1542 2749 1613 2802 una

200 2851 237 2924 in
259 2851 398 2926 civitate
421 2875 528 2950 supra
550 2854 701 2948 curiam,
728 2875 811 2950 ager
833 2876 926 2927 unus
939 2854 976 2926 in
991 2853 1101 2926 Husin
1121 2862 1156 2926 et
1174 2852 1210 2923 in
1223 2849 1494 2940 Wasssuberob‚
1522 2859 1612 2926 terra

200 2976 342 3052 arabilis
358 2999 439 3051 oum
452 2976 588 3052 decima
608 2987 644 3052 et
663 2978 857 3076 specialiter
880 2980 925 3053 lll
949 2979 1074 3054 domus
1096 2978 1186 3051 inlra
1208 2974 1415 3073 Bopardiam
1434 2976 1499 3051 site
1523 2997 1612 3071 quos

200 3111 299 3199 pater
318 3113 434 3179 noster
448 3104 488 3176 F.
504 3105 735 3178 Romanomm
753 3105 938 3202 imperator
953 3104 1068 3180 eidem
1088 3102 1232 3177 ecclesie
1249 3111 1284 3175 et
1303 3123 1367 3174 uos
1388 3101 1610 3195 contulimus,

200 3225 329 3301 domus
346 3228 508 3324 Symonis
523 3227 702 3324 quondam
714 3228 815 3324 judei
834 3239 953 3326 postea
968 3229 1150 3326 baptizati,
1167 3228 1295 3303 domus
1306 3226 1487 3301 llemboldi
1500 3249 1614 3301 sacer·

201 3347 295 3424 dotis
314 3352 352 3422 in
376 3351 604 3446 Bumhouen,
628 3374 710 3426 urea
728 3375 800 3428 una
821 3363 902 3428 ante
918 3353 1043 3428 domus
1060 3353 1169 3448 ipsius
1191 3360 1323 3448 portam
1340 3350 1406 3425 sita
1428 3361 1463 3425 et
1489 3352 1615 3426 domus

202 3472 371 3549 christine
394 3475 571 3572 quondam
587 3475 681 3552 dicte
697 3477 894 3572 Comitisse;
911 3489 945 3553 et
966 3500 1011 3552 ne
1028 3480 1146 3575 aliqua
1164 3477 1370 3568 temeritate,
1393 3477 1613 3572 necessitate,

202 3597 417 3694 venditione,
430 3601 640 3696 curiositate,
654 3604 864 3700 negligentia
873 3605 928 3678 vel
940 3603 1105 3676 instinctu
1119 3603 1347 3696 malignorum
1363 3598 1542 3673 hominurn
1553 3600 1619 3675 heo

203 3744 224 3796 a
254 3722 412 3820 predicta
435 3726 580 3800 ecclesia
605 3727 739 3824 possint
766 3729 928 3822 alienari,
952 3728 1018 3802 nisi
1039 3726 1100 3802 fiat
1118 3725 1360 3802 concambium
1387 3745 1451 3822 pro
1473 3725 1618 3800 utilitate

203 3846 360 3940 ecclesie,
378 3846 614 3924 mediantibus
629 3851 888 3951 archiepiscopo
898 3853 1106 3945 Trevirensi,
1116 3851 1243 3926 abbate
1256 3850 1532 3948 ipsinsecclesie‚
1544 3851 1618 3924 offi-

203 3969 310 4044 ciario
335 3985 465 4066 nostro,
489 3973 677 4050 duodecim
694 3978 974 4052 ministerialibus
998 3988 1032 4052 et
1056 3977 1200 4052 totidem
1232 3976 1381 4051 scabinis
1407 3976 1533 4050 nostris
1552 3977 1619 4051 Bo-

203 4094 460 4190 pardiensibus.
473 4097 618 4186 Quodsi
636 4103 818 4198 contigerit
831 4105 958 4176 lactum
972 4113 1170 4195 revocetnr3
1187 4101 1363 4175 nonenim
1381 4101 1433 4173 las
1450 4110 1502 4174 est
1515 4101 1620 4196 largi-

204 4218 314 4292 tiones
332 4221 599 4298 elemosinarum
622 4224 660 4298 in
678 4249 764 4300 usus
781 4236 916 4302 vertere
934 4228 1115 4302 laicorum.
1135 4227 1346 4324 Preoipimus
1364 4225 1513 4300 etiamsi
1535 4247 1619 4299 casu

203 4343 358 4417 evenerit
384 4367 491 4421 unam
521 4370 568 4423 ex
596 4350 664 4424 illis
691 4351 853 4426 domibus
878 4353 1042 4427 incendio
1067 4350 1223 4426 consumi
1245 4353 1302 4425 vel
1325 4350 1437 4442 dirui,
1455 4349 1619 4447 predictis

203 4466 248 4540 Vl
268 4469 393 4544 marcis
413 4481 448 4545 et
464 4473 611 4550 dimidia
629 4485 762 4551 carrata
775 4477 849 4551 vini
872 4478 967 4551 omni
990 4478 1168 4552 occasione
1194 4477 1250 4550 vel
1277 4474 1502 4549 excusatione
1526 4483 1621 4572 post·

203 4593 316 4687 posita
335 4598 500 4692 reparari.
517 4599 758 4676 luterdioimus
776 4604 917 4676 omnino
936 4604 1076 4699 nequis
1094 4601 1391 4699 archiepiscopus,
1412 4600 1615 4697 episcopus,

205 4714 300 4812 dux,
316 4721 506 4818 palatinus,
526 4725 694 4818 marchio,
713 4749 845 4824 comes,
866 4730 953 4804 liber
968 4731 1025 4805 vel
1043 4729 1273 4803 ministerialis
1286 4727 1427 4800 nomine
1440 4726 1616 4819 advocati,

306 4843 347 4905 ll.
362 4861 444 4906 rma.
1424 4859 1462 4912 99
