4326 5910
187 601 288 662 laurea
307 599 369 680 la]
642 596 838 660 HISTORIA
862 592 1159 658 nlanottarlcn
1549 589 1611 652 837

191 736 324 812 domini
349 734 568 832 imperatoris
588 732 736 808 finaliter
757 733 964 808 certificetur
983 743 1018 806 et
1042 730 1256 829 propositum
1281 727 1375 823 regis
1397 728 1607 801 Francorum

191 871 381 936 evacuetur
400 859 466 958 (l).
486 859 560 934 liiis
585 859 732 952 auditis,
754 859 923 933 nuncium
946 867 1100 931 vestrum
1127 830 1168 930 ei
1180 854 1428 952 exposuimus,
1454 852 1608 926 dicentes

190 987 224 1060 ci
244 986 342 1082 quod
359 1005 424 1058 vos
446 992 518 1057 tam
539 983 585 1058 de
606 983 788 1076 maritagio
813 983 965 1080 eorporis
988 983 1095 1057 vestri
1116 1003 1222 1077 qnam
1244 979 1370 1055 sorods
1395 987 1509 1052 vestra
1527 997 1609 1049 con·

191 1111 271 1185 silio
287 1110 381 1183 illins
398 1109 582 1206 parebitis3
601 1108 648 1181 ad
662 1107 760 1203 quod
780 1108 956 1204 respondit
976 1107 1157 1180 consilium
1175 1129 1279 1179 sunm
1298 1127 1374 1178 esse
1392 1113 1431 1178 ut
1450 1105 1554 1178 talem
1573 1113 1608 1178 et

190 1247 322 1312 anum
350 1235 558 1310 oblationem
584 1234 775 1308 laceremus
793 1235 890 1329 quod
908 1235 1070 1308 dominns
1091 1235 1276 1330 imperator
1295 1254 1364 1304 non
1387 1231 1513 1305 debeat
1531 1251 1609 1303 eam

191 1359 388 1456 rupudiare.
419 1359 517 1432 Dixit
540 1359 644 1434 etiam
666 1359 857 1454 periculum
889 1381 965 1433 esse
986 1360 1023 1431 in
1052 1379 1166 1451 mora;
1197 1381 1261 1432 rex
1283 1359 1378 1432 enim
1400 1359 1608 1430 Francorum

193 1506 356 1580 magnam
376 1484 560 1580 pecuniam
584 1484 617 1558 ei
635 1485 760 1580 optulit
784 1495 823 1557 nt
845 1485 1157 1560 confederationem
1177 1484 1240 1556 filii
1262 1485 1317 1558 sui
1340 1483 1466 1557 babeat
1488 1491 1524 1556 et
1546 1477 1607 1555 ne·

194 1609 326 1703 gotium
340 1618 497 1682 nostrum
513 1608 693 1706 impediat.
706 1609 762 1683 Ex
777 1611 883 1684 altera
895 1621 992 1708 parte
1004 1611 1080 1686 dux
1092 1611 1237 1686 Bavarie
1248 1610 1346 1684 venit
1359 1633 1439 1684 cum
1454 1609 1608 1683 maxima

192 1756 322 1832 pompa
338 1732 386 1810 ad
403 1735 614 1831 colloquium
630 1735 730 1808 Ulme
752 1746 788 1810 et
810 1737 935 1833 optulit
954 1760 1017 1834 pro
1035 1737 1217 1831 maritagio
1240 1736 1310 1810 filie
1331 1737 1424 1832 regis
1446 1736 1604 1830 Bcemie,

193 1887 264 1960 que
284 1873 338 1939 cst
354 1865 466 1961 neptis
485 1862 615 1958 ipsius,
635 1862 697 1934 XV
715 1863 809 1935 milia
831 1885 1045 1958 marearum,
1065 1866 1154 1939 ultra
1178 1864 1386 1938 oblationem
1400 1865 1497 1936 XXX
1512 1862 1608 1936 milia

192 2011 385 2064 marcarum
401 2011 508 2086 quam
529 1989 605 2086 ipse
623 2011 687 2064 rex
702 1989 841 2064 Bcemie
856 1991 952 2086 prins
966 1991 1158 2082 obtulerat3
1178 1991 1241 2065 sed
1260 2013 1324 2064 rex
1337 1988 1516 2064 Alemanie
1536 2011 1608 2062 res-

192 2115 317 2213 pondit
339 2117 372 2190 ei
388 2115 485 2212 quud
508 2137 690 2212 nunquam
713 2137 789 2188 eam
813 2115 967 2190 duceret.
991 2119 1147 2191 Preterea
1169 2114 1296 2212 adjecit
1315 2113 1411 2212 qnod
1430 2139 1494 2190 rex
1511 2117 1607 2188 Hun-

191 2241 289 2336 garie
308 2241 404 2316 misit
426 2243 473 2317 ad
494 2243 677 2318 dominum
698 2241 938 2339 imperatorem
956 2253 991 2316 et
1013 2266 1076 2341 pro
1092 2243 1272 2339 maritagio
1297 2241 1369 2316 filie
1395 2265 1457 2316 sue
1482 2241 1607 2338 optulit

190 2367 224 2440 ei
240 2367 424 2462 pecuniam
444 2367 647 2440 maximam.
669 2369 747 2464 lpse
765 2389 848 2442 vero
866 2391 935 2443 non
955 2369 1026 2442 sitit
1043 2369 1109 2443 nisi
1126 2369 1309 2466 pecuniam
1327 2379 1367 2441 nt
1389 2368 1484 2442 illam
1503 2390 1607 2442 aceu-

193 2496 324 2587 mulet;
350 2493 446 2569 unde
467 2495 640 2568 consuluit
660 2505 701 2566 ut
727 2517 792 2572 nus
811 2495 878 2568 snb
903 2495 1120 2569 festinatione
1142 2499 1245 2570 talem
1270 2497 1479 2570 oblationem
1502 2495 1607 2570 oiler-

192 2640 310 2694 ramns
329 2621 469 2715 qualem
491 2629 670 2715 acceptare
690 2617 844 2694 deberet.
866 2619 922 2695 Ad
939 2620 1005 2694 heo
1021 2622 1261 2718 respondimus
1278 2621 1311 2694 ei
1336 2622 1432 2718 quod
1454 2623 1606 2717 aliquam

191 2744 404 2819 oblationem
418 2745 495 2819 sine
511 2746 655 2822 consilio
671 2750 747 2842 ejus
762 2749 874 2822 lacere
887 2771 958 2822 non
973 2748 1149 2844 potuimus
1160 2757 1196 2821 et
1210 2750 1358 2821 multum
1373 2750 1606 2822 laboravimus

191 2870 238 2945 ad
265 2870 332 2944 boc
361 2879 401 2944 nt
421 2881 706 2968 extorqueremns
722 2873 768 2946 ab
785 2895 828 2948 eo
845 2875 1058 2948 voluntatem
1076 2897 1175 2947 snam
1197 2895 1302 2970 snper
1324 2875 1496 2948 oblatione
1522 2877 1606 2949 offe·

191 2997 319 3088 randa3
339 2996 403 3071 sed
422 2996 588 3094 perficere
611 3020 682 3072 non
704 3001 893 3095 potuimus.
923 3001 1020 3073 Dixit
1044 3001 1137 3074 enim
1166 2999 1262 3094 quod
1283 3009 1606 3096 quantumcumque

191 3131 374 3217 personam
392 3132 542 3198 vestram
559 3124 700 3219 diligat,
721 3147 802 3198 cum
818 3127 864 3200 sit
876 3127 1027 3200 ballivus
1045 3126 1260 3222 imperatoris
1277 3135 1312 3198 et
1328 3129 1606 3223 consanguineus

191 3245 256 3318 lilii
279 3248 354 3340 sni,
377 3245 444 3322 buc
466 3269 537 3322 non
561 3251 682 3342 faciet,
706 3273 771 3324 nec
800 3261 912 3348 potest
933 3273 999 3325 nec
1020 3251 1124 3325 debet
1142 3253 1265 3326 lacere.
1285 3253 1412 3326 Tamen
1437 3254 1472 3325 in
1499 3256 1606 3328 verbo

191 3371 347 3460 Domini,
366 3373 463 3448 altari
481 3395 596 3448 coram
613 3397 686 3470 qno
703 3375 913 3450 sedebamus
929 3387 1084 3473 aspecto,
1101 3378 1201 3451 nobis
1219 3379 1377 3474 promisit
1391 3379 1488 3475 qnod
1505 3379 1607 3456 fidele

192 3497 375 3570 consilinm
398 3508 434 3572 et
463 3499 635 3574 auxilium
657 3501 694 3574 in
721 3503 945 3598 expeditione
967 3503 1183 3599 negotiorum
1207 3513 1400 3580 vestrorum
1422 3506 1523 3580 nobis
1540 3529 1608 3605 pa-

191 3622 294 3696 rabit.
325 3624 396 3698 Nos
419 3645 504 3699 vero
525 3626 611 3722 quia
636 3628 863 3702 cancellarius
888 3638 924 3703 ct
948 3627 1110 3704 dominus
1138 3631 1300 3705 Nicolaus
1325 3630 1372 3706 de
1397 3632 1497 3707 Molis
1523 3634 1607 3708 socii

194 3748 303 3822 nostri
320 3749 438 3824 adhue
453 3772 523 3826 non
542 3762 724 3847 venerant,
738 3775 804 3830 nec
814 3755 891 3852 ipse
904 3757 1017 3852 potuit
1033 3756 1166 3832 diutins
1177 3757 1303 3832 morari
1316 3757 1403 3853 quin
1419 3759 1604 3853 recederet,

192 3873 239 3952 dc
255 3875 436 3951 voluntate
448 3899 513 3951 sua
523 3879 750 3974 recessimus,
765 3881 939 3954 oblatione
957 3883 1073 3978 aliqua
1087 3904 1157 3956 non
1174 3885 1281 3976 factu,
1300 3894 1335 3956 et
1346 3885 1609 3982 expectabimus

192 4021 274 4075 cnm
290 3999 432 4102 Colonia
448 4025 633 4101 quousque
649 4005 783 4082 redeat.
802 4007 925 4081 Veniet
937 4017 1054 4080 autem
1074 4009 1248 4084 Coloniam
1262 4009 1322 4085 die
1338 4011 1432 4086 iovis
1449 4011 1609 4110 proximo

500 4243 640 4252 ..u-*—

228 4391 267 4467 (t)
284 4392 320 4452 tlt
335 4393 448 4454 hostiles
468 4396 664 4473 archicpiscopi
684 4398 789 4459 litterae
800 4405 828 4458 et
839 4401 967 4459 Bernardi
979 4401 1072 4460 missio
1082 4401 1148 4460 nibil
1158 4403 1267 4460 omnino
1276 4401 1468 4477 proiecerunt,
1484 4403 1612 4479 onmium

193 4491 435 4552 confoederationis
448 4501 559 4569 pactum
574 4496 719 4570 (tannim,
734 4514 828 4557 mense
842 4499 982 4558 novembri
998 4502 1083 4578 tant,
1097 4507 1237 4559 baculum
1253 4503 1424 4576 iuratumque
1436 4502 1612 4574 inculpans

194 4604 318 4666 snprap.
331 4591 405 4666 lii.)
419 4592 571 4652 mnndum
591 4601 683 4654 umen
704 4598 777 4672 quod
795 4612 840 4655 ree
862 4599 929 4656 tanti
949 4601 1080 4657 momenti
1099 4599 1218 4658 nondum
1235 4617 1285 4658 nec
1297 4601 1348 4675 ipsi
1360 4601 1449 4676 Papae
1462 4617 1513 4660 nee
1529 4603 1610 4661 etiam

193 4707 287 4751 mense
301 4691 436 4754 februario
450 4695 654 4773 archiepiscopo
667 4699 828 4773 Engelbertc
849 4706 912 4758 ncta
929 4699 1023 4772 inerit,
1039 4701 1091 4758 nisi
1109 4701 1145 4758 sit
1163 4701 1352 4776 suspicandum
1374 4703 1563 4778 imperatorem
1582 4710 1612 4763 et

193 4789 321 4851 Francius
334 4809 425 4869 regem
438 4795 576 4853 communi
588 4811 723 4856 consensu
736 4815 795 4857 ram
813 4798 977 4874 aliquamdiu
995 4799 1048 4858 snb
1068 4806 1174 4860 secreto
1190 4801 1332 4859 tenendam
1344 4801 1469 4876 jussisse.
