4324 5912
561 557 623 621 950
1113 553 1423 618 enarrantem

560 695 674 790 sigilio
705 692 873 786 jussimus
906 690 1126 781 communiri,
1164 713 1274 776 anno,
1309 711 1428 764 mense
1460 700 1496 764 et
1528 689 1716 766 indictione
1751 693 1961 788 subscriptis.

609 821 734 892 Datum
750 816 956 908 Brundusii,
975 837 1067 890 anno
1084 813 1256 890 dominice
1278 815 1522 890 incarnationis
1538 816 1719 890 millesimo
1736 816 1965 893 ducentesimo

561 945 726 1018 vicesimo
747 941 886 1037 quarte,
911 961 1031 1016 mense
1056 941 1186 1034 martii,
1211 941 1400 1016 indictione
1423 940 1649 1031 duodecima,
1676 942 1812 1038 imperii
1840 941 1964 1016 doenini

561 1069 666 1144 nostri
683 1067 845 1142 iriderici
872 1068 933 1140 Dei
957 1067 1067 1163 gratia
1089 1067 1324 1163 gloriosissimi
1341 1069 1572 1142 Romanorum
1590 1067 1817 1164 imperatoris,
1835 1089 1966 1164 sempe·

561 1195 700 1290 angusti
724 1201 759 1268 et
780 1193 872 1287 ragis
890 1191 1022 1284 Sicilie,
1041 1213 1133 1268 anno
1149 1203 1293 1290 quarte,
1312 1193 1412 1290 regni
1430 1211 1514 1266 vero
1534 1191 1649 1266 Siciiie
1668 1191 1836 1267 uicesimo
1852 1201 1962 1284 sexto,

560 1320 715 1394 feliciter.
733 1317 842 1392 Amen
860 1317 874 1416 (
899 1317 926 1416 ).

779 1603 1282 1614 --u-nnn-u———a—-m-uu—-n--au—-
1288 1605 1296 1614 ι
1310 1603 1723 1616 anu—*no———a-——n-—u
1728 1601 1755 1616 -1

615 1865 726 1950 Anno
748 1867 851 1949 1225
869 1865 1046 1976 [capitula
1065 1865 1285 1950 consulatus
1304 1865 1434 1974 maris]
1452 1863 1665 1977 subscripta
1681 1875 1719 1950 et
1733 1865 1861 1977 jurate
1878 1865 1967 1949 iue-

559 2011 651 2084 runt
667 2001 707 2082 in
723 2001 873 2084 civitate
889 2001 1084 2088 Messanae
1102 2001 1204 2111 apud
1223 2001 1420 2086 eeclesiam
1439 2001 1599 2084 Sanctae
1613 1999 1754 2086 Mariae
1770 2001 1909 2104 Nouae,
1929 2000 1966 2082 in

558 2135 770 2246 praesentia
795 2136 959 2246 episcopi
984 2135 1283 2244 Cataniensis,a
1313 2134 1502 2220 Friderieo
1529 2135 1755 2246 imperatore
1781 2135 1967 2218 Aleman-

560 2268 645 2353 niae
662 2279 706 2353 ut
723 2269 1011 2379 omnitempore
1027 2269 1330 2356 observarentur.
1354 2269 1413 2353 Ci.
1430 2270 1644 2376 Parnassus,
1665 2271 1814 2354 6411441.
1836 2273 1881 2350 de
1902 2268 1968 2350 lois

559 2401 781 2510 neritinus,
803 2414 894 2487 1444.
917 2403 969 2512 Il,
989 2405 1051 2488 eh.
1072 2433 1147 2510 un,
1167 2432 1207 2514 p.
1224 2407 1269 2508 6,
1289 2403 1443 2488 exedit.
1462 2403 1755 2488 4441444444.
1775 2403 1878 2484 1494
1893 2400 1964 2511 (2).

809 2699 1026 2712 ι--ιι--ου-ι-

612 2954 843 3060 Friderious,
863 2956 1124 3041 Romanorum
1148 2957 1367 3068 imperator,
1392 2959 1622 3044 monasterio
1649 2957 1810 3042 Sanctae
1835 2957 1969 3044 Mariae

559 3089 599 3173 in
620 3091 815 3174 Chemnitz
837 3091 1062 3175 donationes
1084 3117 1107 3174 a
1128 3091 1478 3202 praedecessoribus
1506 3091 1585 3175 suis
1607 3091 1785 3176 Lothario
1807 3093 1968 3176 411144-

559 3224 653 3308 rado
671 3223 790 3306 iactas
809 3223 964 3308 innovat
981 3235 1019 3308 et
1033 3225 1253 3333 4441144441)
1268 3225 1424 3336 insuper
1440 3225 1583 3310 addens
1601 3235 1645 3309 ut
1662 3227 1692 3308 si
1712 3225 1812 3309 inira
1833 3226 1968 3310 terrm-

560 3383 631 3443 nos
648 3357 886 3468 proprietatis
904 3357 1046 3442 ibidem
1064 3357 1239 3444 definitos
1265 3359 1411 3472 aliquid
1440 3361 1480 3443 in
1507 3359 1649 3444 iodinis
1671 3359 1773 3466 auri,
1800 3359 1966 3472 argenti,

597 3622 633 3698 (4)
652 3625 737 3682 Notae
750 3625 951 3700 chronologicae
964 3625 1034 3683 inter
1045 3641 1076 3683 se
1091 3625 1263 3684 4444444441.
1279 3627 1369 3698 Quum
1390 3631 1480 3684 144444
1500 3625 1575 3684 iocus
1590 3625 1644 3684 dati
1657 3623 1790 3700 privilegii
1803 3623 1907 3682 admitti
1920 3639 1969 3681 non

560 3721 661 3796 possit,
685 3721 818 3796 conjicere
843 3721 906 3782 lieet
928 3739 1120 3782 amanuensem
1138 3723 1184 3798 qui
1204 3723 1372 3799 priuiiegium
1393 3739 1523 3783 44444444
1545 3739 1580 3784 an
1599 3721 1696 3782 iaisum
1716 3723 1871 3798 rescripsit,
1886 3721 1968 3780 tecum

561 3821 710 3894 sumpsisse
720 3836 754 3878 ex
765 3821 849 3880 altero
863 3821 1002 3896 privilegio
1015 3821 1168 3880 autbentieo
1179 3823 1242 3884 date
1256 3823 1409 3894 Brundusii,
1423 3823 1518 3882 martio
1533 3825 1598 3884 tsst
1612 3839 1620 3894 ς
1635 3821 1707 3896 quod
1718 3837 1801 3895 supra
1811 3839 1842 3896 p.
1858 3823 1919 3880 tot.

598 3918 633 3993 (2)
652 3918 683 3976 14
696 3919 756 3977 cod.
771 3918 894 3976 biblioth.
910 3920 995 3978 Paris.
1012 3920 1098 3996 tionds
1112 3921 1215 3996 cange,
1231 3921 1305 3996 111),
1319 3937 1382 3980 eum
1393 3921 1500 3980 rubrica
1514 3939 1521 3978 ε
1535 3941 1548 3976 r
1559 3923 1613 3990 ,444
1624 3936 1671 3980 sou
1682 3919 1798 3995 copitob
1808 3920 1871 3994 puis
1882 3919 1969 3992 soeret

562 4034 595 4074 err
612 4018 702 4091 Xipre
715 4035 728 4074 c
743 4015 820 4092 sareu
839 4017 950 4091 (4444414
965 4034 1013 4092 per
1030 4018 1112 4076 molta
1125 4036 1234 4093 aprum
1253 4035 1375 4094 scopon,
1388 4020 1480 4078 abaco
1492 4019 1624 4092 leguntur,
1639 4017 1685 4075 iol.
1700 4020 1752 4076 tua
1765 4033 1844 4074 verso
1856 4035 1890 4072 :a
1906 4017 1968 4074 item

562 4133 576 4166 4
592 4115 631 4173 los
641 4115 703 4188 iura
713 4114 850 4173 Soldaricb
863 4115 1017 4190 (iriderieb)
1032 4119 1191 4193 emperador
1202 4120 1236 4176 da
1250 4119 1396 4194 Alemanya
1408 4135 1424 4176 a
1437 4119 1527 4177 Pande
1540 4119 1574 4176 de
1587 4115 1787 4190 iiardeuantiii
1799 4132 1850 4174 son
1863 4112 1968 4171 aimiraii

563 4211 1249 4288 »4414444144144144144414414141144144
1265 4233 1300 4276 en
1313 4217 1407 4276 841414
1419 4217 1503 4276 bieria
1517 4217 1628 4274 btioua
1641 4231 1676 4274 en
1688 4215 1828 4291 proesnua
1842 4213 1885 4272 dai
1895 4211 1968 4270 birba

561 4329 575 4364 r
592 4310 626 4368 de
639 4309 770 4371 Catbama
788 4329 823 4371 en
840 4311 912 4388 i'aoy
930 4315 1085 4374 iiCCXXV.
1098 4315 1201 4374 »Nulla
1221 4322 1311 4374 144444
1330 4315 1396 4374 iides
1412 4315 1543 4392 1444444444
1565 4315 1646 4386 libro,
1661 4319 1692 4372 ut
1705 4319 1779 4372 recte
1792 4313 1898 4370 monuit
1908 4313 1967 4370 Pur·

559 4408 665 4480 dessus,
679 4410 721 4468 vei
735 4411 817 4468 etiarn
831 4412 915 4470 codici
926 4411 1075 4471 adhibenda
1087 4419 1141 4482 est,
1157 4431 1241 4490 quarn
1258 4431 1391 4490 nusquam
1411 4414 1462 4472 alia
1475 4414 1553 4472 istius
1570 4412 1714 4488 juramenti
1727 4411 1821 4470 notitia
1833 4411 1886 4467 nisi
1898 4407 1965 4484 apud

558 4503 742 4562 bianebinium
756 4505 903 4579 detegatur.
918 4507 964 4564 ilie
978 4513 1068 4564 autern
1083 4509 1186 4583 (Stcrio
1197 4509 1263 4567 44114
1275 4513 1381 4585 fiucuse
1395 4509 1437 4569 dri
1456 4528 1535 4586 reque
1549 4509 1580 4566 di
1590 4509 1706 4584 Nepoti,
1722 4509 1748 4580 1,
1764 4507 1843 4581 292),
1859 4505 1892 4563 ad
1905 4521 1962 4562 ann.

560 4603 639 4672 4231,
659 4617 712 4674 qua
731 4604 866 4661 nescimus
887 4605 1059 4678 4441441414,
1073 4605 1169 4664 eadem
1189 4607 1284 4680 reiert,
1302 4609 1400 4668 omissa
1415 4625 1480 4668 uero
1495 4609 1617 4668 admirati
1631 4613 1660 4666 41
1674 4605 1794 4682 episcopi
1805 4601 1965 4665 (1414414444

557 4698 701 4757 meracae.
715 4700 780 4760 Cum
794 4701 853 4762 ions
864 4703 1032 4762 4414444444
1043 4704 1127 4776 desit,
1142 4721 1200 4764 rem
1213 4705 1342 4766 incertam
1353 4707 1439 4766 iusius
1449 4707 1582 4766 4114441444
1594 4723 1650 4766 444
1662 4711 1750 4764 vemt.
