4326 5910
550 580 610 644 766
1079 581 1253 642 llllblllldl
1280 581 1448 644 SEPlell
1776 581 1856 662 [dnn.
1876 583 1959 648 12234

601 715 784 788 Heinrions
801 714 968 810 septimus
979 711 1099 788 divina
1114 716 1253 792 favento
1266 717 1447 791 clementia
1459 717 1691 790 Romanorum
1705 737 1768 791 rex
1781 727 1816 792 et
1828 741 1963 814 semper

558 850 740 936 augustus.
770 839 856 912 Cum
881 839 928 912 ad
957 841 1082 934 regalis
1107 840 1362 936 magnificentie
1387 849 1502 914 nosue
1524 841 1765 916 celsitudinem
1795 843 1964 938 pertineat

553 967 709 1040 omnium
722 964 855 1038 Christo
867 965 1087 1038 militantium
1102 966 1182 1058 jura
1197 967 1381 1040 contovere
1392 967 1534 1040 achone
1549 966 1634 1062 ipsis
1645 967 1767 1040 collata
1777 969 1844 1040 suh
1857 969 1963 1042 nostri

552 1089 754 1164 muniminis
770 1090 923 1186 recipere
941 1087 1203 1186 protectionem,
1225 1089 1361 1164 illorum
1377 1091 1554 1187 potissime
1571 1112 1635 1166 nos
1651 1093 1812 1180 convenit
1831 1103 1964 1189 proteo-

553 1225 645 1290 tores
671 1215 821 1289 existere
845 1216 906 1310 qui
931 1237 951 1287 a
977 1215 1078 1287 nobie
1100 1223 1135 1288 et
1156 1215 1283 1288 nostris
1305 1216 1581 1311 progenitoribus
1605 1216 1688 1291 dive
1703 1218 1868 1291 memorio
1884 1228 1964 1290 sunt

553 1342 703 1433 fundati,
722 1349 757 1414 et
774 1341 915 1414 servitio
928 1343 1008 1414 Jesn
1024 1339 1147 1412 Christi
1162 1339 1309 1414 fideliter
1324 1341 1527 1416 insudantes
1542 1363 1641 1415 snam
1656 1341 1821 1416 hactenns
1837 1339 1962 1416 lamam

552 1465 774 1539 landabiliter
789 1473 1047 1538 conservarunt.
1065 1465 1191 1538 Notum
1207 1466 1253 1539 sit
1268 1467 1374 1560 igitur
1388 1473 1459 1539 tam
1474 1467 1691 1563 presentibus
1707 1479 1813 1563 quam
1828 1491 1963 1542 sncces-

556 1612 637 1665 sure
660 1591 865 1688 posteritatis
886 1589 1049 1691 fidelibus
1066 1591 1162 1686 qnod
1178 1589 1292 1664 fidelis
1312 1601 1427 1665 noster
1443 1591 1541 1664 bodo
1560 1592 1606 1666 de
1624 1591 1849 1688 Rabenspnrg
1866 1593 1964 1668 divi-

552 1717 647 1789 nitus
665 1717 852 1812 inspiratus
868 1739 938 1789 una
962 1738 1043 1788 cnm
1070 1717 1172 1790 fratre
1186 1717 1381 1790 Hermanno
1401 1726 1602 1814 preceptore
1624 1715 1749 1790 domus
1769 1718 1965 1791 Tbeutoni-

556 1862 675 1915 eornm
708 1840 745 1912 in
774 1839 978 1914 Alamannia
1003 1849 1038 1912 et
1065 1841 1169 1914 fratre
1194 1841 1355 1915 Heinrioo
1379 1840 1425 1915 de
1447 1841 1646 1916 Hohenloba
1675 1843 1819 1917 accessit
1843 1841 1893 1940 (a)
1919 1842 1964 1917 ad

555 1967 733 2041 dominnm
760 1967 918 2039 Ottonam
946 1965 1179 2039 venerabilem
1203 1967 1483 2064 Herbipolensem
1502 1967 1722 2064 episcopum,
1747 1969 1966 2065 presentibus

428 2121 431 2128 >
557 2089 719 2167 fidelibus
749 2091 874 2165 nostris
901 2091 1130 2184 Degenbardo
1159 2093 1418 2190 herbipolensis
1444 2095 1587 2168 ecclesie
1610 2095 1739 2186 majore
1761 2095 1963 2188 soolastieo‚

554 2217 725 2313 Diapoldo
746 2215 944 2290 marchione
966 2217 1011 2290 de
1031 2216 1191 2312 Vohurg,
1212 2217 1368 2292 Gotlrido
1390 2218 1436 2293 de
1459 2219 1675 2310 llobenlobe,
1696 2219 1857 2293 Heinrioo
1884 2243 1968 2294 ma-

557 2345 664 2440 gistro
683 2343 830 2440 coquina
848 2353 964 2418 nostre
982 2354 1016 2416 et
1031 2343 1108 2416 aliis
1122 2345 1404 2440 quampluribus,
1425 2353 1575 2418 castrum
1592 2345 1753 2417 Vnernelr
1774 2354 1809 2417 ot
1826 2367 1968 2419 omnem

555 2492 654 2543 suam
673 2469 915 2566 proprietatem
930 2469 1141 2564 ubicumque
1160 2469 1281 2542 babuit
1302 2471 1337 2541 in
1356 2467 1523 2542 universis
1542 2468 1644 2561 areis,
1664 2469 1820 2564 pascuis,
1841 2492 1968 2544 nemo-

554 2593 652 2666 ribus
666 2603 701 2667 ot
713 2591 910 2666 hominibus
922 2615 984 2690 per
998 2616 1137 2668 mannm
1146 2593 1306 2688 jamdicti
1318 2593 1482 2690 episcopi,
1499 2593 1691 2667 secundum
1701 2595 1761 2686 jus
1771 2603 1806 2668 et
1819 2617 1968 2668 consue·

556 2719 712 2792 tudinem
737 2727 826 2792 terre
852 2720 965 2812 illius,
992 2719 1191 2796 venerando
1219 2720 1381 2818 hospitali
1405 2723 1530 2794 Sancte
1552 2721 1659 2794 Mario
1678 2719 1968 2795 Tbeutonioorum

555 2845 865 2940 Hierosolymitano
888 2845 1073 2920 liberaliter
1092 2845 1240 2922 contulit
1258 2854 1293 2918 et
1314 2847 1475 2920 absolvit.
1499 2845 1744 2920 Serenissimus
1765 2846 1873 2940 igitur
1895 2846 1969 2920 do—

556 2969 674 3043 minns
692 2971 924 3044 Romanorum
947 2971 1133 3066 imperator
1154 2979 1189 3045 et
1208 2991 1271 3044 rex
1285 2969 1400 3044 Sicilie
1418 2977 1660 3067 paternoster,
1677 2969 1795 3043 habito
1808 2979 1969 3066 respectu

423 3186 427 3195 ¹
557 3096 733 3192 petitionis
750 3105 785 3169 et
803 3095 987 3168 testimonii
1005 3095 1151 3190 predicti
1168 3094 1321 3192 episcopi
1340 3103 1374 3168 et
1393 3115 1535 3190 precum
1552 3093 1669 3168 dilecti
1684 3104 1720 3168 et
1732 3093 1846 3168 fidelis
1860 3095 1969 3168 nostri

559 3221 747 3296 Hermanni
775 3221 1015 3318 prememorati
1039 3220 1219 3316 hospitalis
1238 3219 1410 3314 magistri,
1431 3219 1650 3294 donationem
1672 3219 1830 3294 eamdem
1856 3231 1968 3293 ratam

557 3345 691 3420 babens
712 3365 815 3420 omne
831 3367 934 3418 sunm
956 3349 1015 3440 jus
1037 3344 1133 3441 qnod
1154 3345 1191 3417 in
1209 3355 1320 3419 castro
1337 3353 1372 3419 et
1395 3345 1559 3442 predictis
1573 3346 1735 3421 omnihus
1750 3345 1899 3420 babebat
1919 3346 1969 3422 ad

557 3471 760 3569 petitionem
780 3469 864 3544 dicti
889 3467 1003 3544 fidelis
1025 3469 1176 3544 Bodonis
1200 3479 1235 3543 et
1255 3467 1413 3564 ejusdem
1440 3470 1595 3566 magistri
1619 3471 1794 3568 sepedicto
1820 3471 1969 3546 totaliter

559 3598 704 3672 oontnlit
720 3595 899 3694 hospitali,
930 3595 1042 3693 ipsam
1065 3594 1286 3670 donationem
1304 3596 1478 3693 privilegii
1494 3597 1551 3670 sni
1571 3598 1772 3672 anctoritate
1792 3607 1828 3672 et
1844 3597 1969 3670 muni·-

559 3723 655 3796 mine
676 3722 871 3796 roborando
896 3719 959 3817 (t).
981 3721 1070 3807 Quia
1088 3739 1172 3796 vero
1187 3719 1307 3796 fideles
1330 3721 1437 3796 nostri
1459 3721 1637 3798 Conradus
1662 3721 1709 3797 de
1731 3721 1969 3818 lteicbanharg

561 3859 596 3922 et
615 3843 793 3922 conradus
812 3846 858 3922 de
881 3846 1071 3920 Smidevolt
1090 3843 1158 3920 sibi
1171 3851 1230 3941 jus
1253 3845 1289 3920 in
1307 3853 1419 3922 castro
1444 3855 1479 3920 et
1495 3847 1760 3945 proprietatibus
1783 3849 1970 3944 suprafatis

559 3981 789 4072 usurparunt,
806 3972 853 4047 ad
868 3963 1097 4046 decidendam
1112 3973 1200 4046 inter
1215 3973 1309 4068 ipsos
1324 3980 1358 4054 et
1373 3972 1516 4049 dilectos
1529 3973 1630 4048 nohis
1646 3973 1767 4048 fratres
1783 3975 1970 4071 Hospitalis

561 4097 741 4173 memorati
770 4097 875 4170 totius
896 4097 1049 4170 rancoris
1070 4097 1269 4190 maurium,
1295 4097 1380 4193 qnia
1400 4097 1504 4178 etiam
1527 4096 1575 4195 (t)
1596 4099 1642 4174 oh
1666 4099 1795 4174 bonnm
1816 4100 1912 4198 pacis
1932 4110 1970 4176 et

598 4249 635 4332 (a)
654 4249 690 4313 ln
702 4247 925 4312 conflrmattons
941 4247 1081 4310 Frtderld
1093 4249 1123 4310 ΙΙ
1134 4244 1276 4310 amdam.

597 4355 635 4438 (a)
655 4357 784 4420 araur
795 4353 906 4418 nram
922 4373 930 4417 ι
944 4351 1032 4416 ruem
1045 4356 1182 4436 myram
1201 4353 1361 4460 actaea,

597 4649 635 4726 (t)
652 4649 736 4710 letam
749 4657 839 4710 umen
854 4649 1070 4710 ratihabiu'onem
1087 4665 1169 4725 quam
1183 4649 1236 4710 nih
1252 4665 1301 4710 sua
1316 4649 1424 4726 speciali
1438 4649 1522 4710 torma
1541 4665 1596 4710 non
1611 4651 1775 4727 mabam,
1792 4651 1863 4712 ciros
1881 4669 1970 4712 annos

559 4753 712 4810 tate-tart
724 4749 889 4808 referendam
901 4765 963 4808 esse
975 4763 1124 4808 oensemrn.
