4324 5916
578 603 640 667 910
1107 600 1278 662 nudate!
1302 601 1469 664 serunt!
1808 603 1889 684 [An.
1907 605 1984 668 l22'l.

581 741 796 836 diligentem.
820 739 1036 836 Quapropter
1062 746 1184 812 uotum
1212 737 1358 812 tacimus
1382 737 1555 812 universis
1575 738 1710 836 imperii
1736 739 1896 816 fidelibus
1922 753 1985 818 tam

581 864 801 963 presentibus
819 885 925 959 quam
945 861 1071 936 futuris
1087 861 1184 958 quud
1201 883 1281 934 cum
1301 861 1427 936 nobilis
1443 861 1522 936 dux
1540 863 1652 938 Wolfo
1668 865 1865 939 avunoolos
1881 875 1986 940 noster

580 989 725 1063 invilla
751 987 1048 1084 Widergeltingan
1072 986 1316 1084 proprietatem
1346 986 1497 1062 duorum
1524 1008 1725 1062 mansorum
1750 991 1986 1068 eonventuiot

579 1113 786 1186 monasterio
802 1113 848 1188 do
865 1110 1077 1207 Steiugaden
1094 1111 1177 1184 olim
1198 1131 1262 1208 pro
1283 1110 1438 1187 monio
1455 1111 1573 1188 anime
1587 1133 1652 1188 sue
1666 1113 1886 1208 sustulisset,
1904 1125 1939 1189 et
1953 1117 1985 1188 in

579 1237 711 1312 eisdem
727 1238 858 1312 mansis
876 1236 1036 1311 Heinrioo
1053 1235 1284 1312 etlriderioo
1305 1236 1472 1312 iratribus
1489 1235 1535 1312 ds
1553 1236 1749 1334 llaeltspsro
1770 1241 1831 1333 J'us
1856 1239 1985 1314 laudale

577 1364 840 1461 permansisset,
866 1361 933 1458 ipsi
961 1364 1081 1436 lraues
1107 1381 1271 1466 proofflu
1297 1362 1481 1460 temporis,
1506 1363 1582 1438 uelo
1602 1362 1702 1438 duali
1724 1364 1877 1460 pietatis,
1899 1363 1984 1461 apud

577 1485 770 1584 Augustam
791 1488 839 1563 ad
861 1490 1069 1584 presentiam
1094 1497 1247 1562 nosuam
1269 1487 1491 1581 amores,
1511 1489 1662 1586 aeoeptis
1676 1490 1768 1564 Lxx
1781 1489 1912 1566 mareis
1927 1513 1985 1564 ar-

577 1613 673 1709 genti
682 1663 695 1704 ,,
718 1613 894 1710 quidquid
922 1614 1054 1688 ratione
1075 1612 1172 1688 teudi
1195 1613 1232 1688 in
1257 1611 1389 1688 eisdem
1411 1614 1543 1690 mansis
1563 1613 1698 1690 'habere
1715 1615 1932 1690 'videbantur‘
1951 1616 1983 1688 in

579 1756 705 1813 manus
723 1747 858 1813 nostras
877 1739 1054 1814 humiliter
1069 1747 1104 1814 et
1128 1747 1319 1835 spoumnss
1336 1739 1513 1815 uoluntate
1528 1759 1591 1836 pro
1606 1760 1646 1814 se
1661 1749 1699 1814 et
1709 1737 1900 1814 heredibus
1918 1740 1984 1812 suis

577 1863 862 1957 resignaret-ung
879 1873 915 1939 et
930 1885 995 1938 nos
1012 1883 1073 1962 pro
1087 1863 1202 1938 utute
1212 1872 1330 1938 nostm
1338 1873 1416 1938 tato
1433 1864 1671 1961 proprietatem
1682 1863 1892 1958 iamdudum
1904 1887 1984 1938 eon-

578 1989 740 2064 traditam
765 2012 871 2086 qoam
893 1991 952 2084 jus
970 1991 1063 2064 leodi
1078 1990 1116 2062 in
1134 2011 1258 2064 manus
1273 1999 1407 2064 nostras
1421 1991 1636 2086 resignatm
1654 1990 1842 2066 oonueutui
1861 1999 1897 2064 et
1912 2012 1984 2064 mo-

580 2115 729 2189 nasterio
750 2115 882 2210 prelato
908 2115 1117 2189 ooutulimns
1135 2123 1302 2212 perpetuo
1326 2123 1362 2192 et
1384 2115 1491 2190 libere
1513 2114 1776 2212 possidendum.
1797 2117 1985 2190 Statueotes

578 2246 615 2312 et
639 2237 707 2312 sub
733 2237 1012 2312 intaminatione
1033 2239 1143 2334 gretie
1164 2245 1281 2312 nostre
1304 2237 1458 2314 distride
1485 2239 1712 2335 precipientes
1736 2248 1776 2312 ut
1802 2239 1899 2312 nulla
1917 2259 1983 2310 un·
2129 2309 2130 2314 ,

576 2383 682 2458 quam
701 2383 845 2459 persona
862 2361 1056 2459 sepediotos
1079 2365 1201 2438 fratres
1222 2374 1283 2438 sut
1307 2365 1553 2438 monasterimu
1577 2364 1615 2438 in
1634 2363 1768 2438 eisdem
1786 2361 1915 2438 mmm
1931 2363 1982 2436 sel

580 2487 617 2560 in
644 2485 723 2560 aliis
748 2486 944 2583 bonisque
971 2487 1007 2560 in
1034 2487 1156 2562 eadem
1183 2488 1268 2560 villa
1289 2488 1472 2583 largitione
1496 2486 1643 2585 predicti
1668 2485 1769 2560 dunis
1792 2485 1980 2584 possident,

578 2609 707 2685 audeat
727 2613 908 2687 molestare
923 2615 980 2688 vel
997 2613 1071 2687 suis
1093 2613 1216 2686 usibus
1231 2633 1275 2686 ea
1297 2612 1495 2688 v'eudiosm.
1514 2609 1620 2698 Quod
1634 2611 1698 2708 qui
1719 2611 1856 2704 tenerit,
1875 2609 1983 2684 omni·

577 2737 727 2834 potentis
741 2737 804 2810 Dei
821 2737 907 2811 iram
922 2737 1310 2834 nostreque-maiestatis
1326 2738 1492 2812 offensam
1508 2757 1548 2812 se
1565 2735 1702 2812 noverit
1718 2735 1913 2810 iuonuisse.
1931 2733 1982 2808 Aa

575 2861 683 2955 hujus
699 2863 803 2936 etiam
823 2863 873 2937 rei
891 2863 998 2937 robur
1013 2873 1233 2960 perpetuum,
1249 2873 1443 2961 presentem
1457 2863 1619 2962 peginam
1635 2863 1862 2960 oonsoriptam
1878 2861 1982 2958 sigillo

575 2995 692 3060 nostro
704 2987 872 3080 jussimus
887 2987 1106 3062 eommuniri.

624 3113 742 3186 Testes
764 3112 800 3184 hi
827 3125 908 3186 sunt
932 3111 1080 3188 Siiridns
1096 3110 1328 3209 Augustensis
1348 3113 1547 3210 episeopus,
1575 3113 1706 3209 Repeto
1727 3113 1838 3206 major
1860 3131 1982 3210 prepo-

574 3234 661 3308 situs
673 3236 915 3332 Augustensis,
928 3237 970 3310 Ε.
988 3237 1124 3336 dapifer
1134 3237 1180 3311 de
1190 3238 1367 3335 Walpurs,
1382 3237 1504 3312 Dietho
1515 3238 1795 3336 deRavinspsro,
1810 3236 1981 3313 Swikerns
2128 3291 2129 3356 3

573 3359 620 3435 de
632 3359 861 3455 Mindelbero,
882 3361 1063 3437 Heinriens
1082 3361 1129 3437 de
1141 3361 1330 3456 Sibinaioh‚
1350 3361 1449 3438 Cuno
1464 3361 1510 3438 de
1522 3363 1737 3458 Sumerowe,
1754 3363 1888 3438 Ulrious
1905 3382 1980 3458 pre-

572 3487 705 3584 positus
721 3486 767 3562 de
780 3487 973 3585 lloringen‚
994 3497 1030 3566 et
1046 3489 1105 3564 alii
1119 3481 1356 3587 quamplures.

620 3613 747 3688 Datum
762 3615 859 3712 apud
875 3613 1082 3712 Augustam,
1095 3615 1178 3688 'Xlll
1197 3613 1362 3690 kalendas
1381 3615 1511 3713 aprilis,
1532 3613 1722 3691 indictione
1738 3613 1814 3690 XV.

1055 4172 1154 4223 rtttts
1183 4115 1315 4224 Pdd'ild
1344 4173 1501 4226 Pillssl.
