4324 5916
698 595 949 656 nocuusii'ia
978 595 1133 658 sallitis.
1562 603 1623 666 ais

209 737 350 812 dominu
368 734 584 831 imperatrice
601 733 808 825 Constantia,
826 733 1024 829 parentibus
1039 733 1300 826 nostris,eidem
1319 739 1525 811 munasterio
1540 752 1623 814 sunt

210 862 364 953 indulta,
386 869 423 932 nt
448 860 499 932 eis
521 860 597 932 sine
610 857 727 953 aliquo
743 855 920 954 temporali
944 859 1084 932 servitio
1107 858 1262 956 pacifice,
1283 859 1373 934 sioni
1392 883 1512 936 eorum
1530 874 1623 938 tem-

212 1117 401 1180 conccdimus
414 1123 444 1178 et
456 1116 667 1180 condmamus
678 1117 776 1178 adara
798 1118 975 1178 monastario
998 1117 1130 1179 culturos
1150 1121 1182 1178 in
1204 1119 1372 1181 maturantis
1391 1120 1492 1182 Sancti
1509 1121 1627 1202 Georgii

214 1231 246 1284 et
257 1224 379 1302 planitie
390 1225 492 1288 sarred
504 1225 625 1286 bimtini
638 1241 706 1286 cum
720 1223 905 1286 libertatibus
916 1231 947 1286 et
959 1225 1196 1288 immunitatibus
1213 1243 1289 1304 quas
1300 1227 1466 1290 lilcbardus
1476 1231 1575 1306 Juxta.
1591 1275 1598 1292 .
1617 1273 1626 1294 .

217 1373 522 1394 ............
537 1334 700 1394 tenimento
713 1331 836 1392 donarii
849 1338 879 1392 ei
892 1334 1036 1394 conccsdt
1048 1335 1225 1394 monasterio
1238 1335 1419 1410 supradicto.
1435 1336 1630 1400 Concedimus

216 1442 307 1500 ctiam
331 1444 361 1500 et
386 1437 597 1513 confirmamus
622 1439 701 1500 dicto
727 1441 906 1500 monasterio
931 1439 1085 1500 ecclesiam
1109 1441 1243 1502 omniurn
1268 1440 1458 1517 Sanctorum,
1478 1444 1630 1506 eeclesiam

217 1545 318 1607 Sancti
340 1547 451 1608 Nicolal
474 1563 543 1608 curn
568 1545 730 1623 casalibus,
743 1545 860 1607 villanis
873 1553 903 1607 et
923 1547 1099 1608 molendinis
1119 1553 1149 1608 et
1168 1547 1321 1609 scelestam
1343 1550 1444 1610 Sancti
1465 1550 1545 1612 sossi
1563 1569 1630 1614 cum

219 1651 355 1714 omnibus
378 1655 560 1730 pertinemm
579 1659 610 1713 ct
632 1653 799 1714 tenimentis
820 1655 882 1714 suls
903 1655 935 1714 ln
955 1655 1101 1714 territorio
1124 1654 1254 1715 Sarriani
1274 1660 1304 1715 et
1325 1655 1478 1732 Radulati,
1493 1673 1568 1734 quas
1583 1675 1632 1719 ec-

218 1759 322 1820 clesias
343 1759 440 1837 ipsum
462 1763 673 1821 monasterinm
693 1777 761 1820 cum
778 1761 948 1822 minentis
966 1763 1028 1822 suls
1046 1767 1077 1822 et
1101 1761 1285 1822 libertatibus
1297 1761 1386 1823 habet
1405 1769 1435 1824 et
1452 1765 1583 1842 possidet
1595 1781 1633 1826 ex
1716 1791 1721 1800 ·

219 1865 377 1927 doncuone
389 1868 531 1928 comitum
544 1874 575 1928 et
585 1867 741 1928 baronum·
749 1867 823 1928 laem
832 1867 1020 1930 consedimus
1032 1875 1064 1930 ct
1073 1867 1283 1930 confirmamus
1294 1871 1447 1948 mandam
1456 1871 1493 1932 de
1501 1871 1635 1949 Capimm

219 1989 289 2034 cam
302 1974 401 2048 casali,
412 1973 582 2036 hominibus
592 1981 623 2036 et
635 1974 773 2036 omnibus
780 1977 966 2052 pertinentiis
974 1981 1005 2036 at
1013 1977 1181 2038 tenimentis
1189 1977 1252 2038 suis
1260 1977 1292 2038 in
1301 1979 1448 2039 territorio
1457 1978 1633 2054 sirenarum

220 2097 311 2159 quam
325 2083 536 2142 monasterium
549 2081 640 2142 babet
654 2089 685 2142 et
698 2081 827 2158 possidet
840 2098 879 2142 ex
892 2081 1048 2142 donatione
1062 2081 1247 2144 dominorum
1261 2084 1354 2160 ipsius
1367 2090 1443 2146 terre
1455 2086 1633 2148 arenarum.

221 2190 297 2249 Item
321 2187 509 2250 concedimus
526 2194 556 2248 et
576 2187 786 2250 confirmamus
804 2190 958 2266 grangiam
981 2188 1019 2248 de
1040 2189 1151 2250 Cuculo
1172 2191 1204 2250 ln
1225 2191 1372 2252 territorio
1394 2192 1544 2269 spodiadi
1566 2209 1635 2256 cum

222 2295 360 2356 omnibus
380 2298 466 2356 terris
486 2297 548 2356 suls
569 2303 599 2356 et
620 2295 789 2356 molendina
807 2295 845 2356 de
858 2297 963 2375 Argaei
978 2295 1072 2356 eidem
1075 2337 1322 2358 ..........
1338 2297 1470 2360 iidellum
1483 2299 1634 2379 largitate;

224 2405 373 2481 granciam
388 2403 488 2465 Sancti
502 2403 648 2465 Theodori
667 2405 700 2463 in
722 2403 868 2464 territorio
891 2409 967 2464 terre
984 2402 1072 2464 Graoi
1094 2419 1133 2463 ex
1155 2403 1313 2464 donatione
1335 2404 1521 2467 dominorum
1545 2408 1638 2484 ipsius

223 2515 303 2570 terre
315 2509 417 2571 Simall
431 2509 490 2571 sibi
502 2509 597 2584 lacta3
611 2509 763 2570 ecclesiam
776 2509 877 2572 Sancti
888 2509 1003 2570 Nicoiai
1021 2509 1059 2570 de
1078 2509 1212 2588 Chipuila
1226 2513 1257 2571 ln
1270 2513 1416 2572 territorio
1430 2513 1553 2575 cutroni
1570 2531 1639 2576 cum

224 2616 394 2678 bominibus
406 2623 438 2678 et
449 2618 587 2680 omnibus
599 2619 767 2678 mulmentis
779 2623 810 2678 et
823 2619 1006 2693 pertinentiis
1019 2619 1092 2678 suis.
1104 2617 1298 2679 condedimus
1311 2635 1430 2697 quoque
1444 2627 1474 2682 ct
1485 2619 1640 2682 coniirma·

225 2742 294 2786 mus
306 2727 363 2804 ipsi
376 2729 554 2788 monasterio
566 2725 769 2788 molendinum
783 2724 821 2786 de
835 2725 921 2786 Alexi
940 2725 1022 2804 quod
1042 2729 1089 2786 est
1108 2723 1213 2786 subtus
1235 2725 1428 2803 Squillacmm
1450 2730 1481 2788 ln
1502 2728 1567 2790 loco
1588 2731 1641 2806 qui

225 2832 335 2894 dictim
350 2833 389 2894 de
411 2832 512 2913 Scala,
533 2849 593 2912 que
612 2835 822 2895 monesterium
835 2831 925 2894 habat
939 2837 969 2894 ct
981 2831 1111 2910 possidet
1124 2848 1162 2893 ex
1175 2831 1384 2894 donationibus
1396 2835 1511 2896 comitis
1525 2835 1642 2898 iniusti

227 2939 341 3000 domini
354 2947 432 3002 terre
445 2940 599 3020 Squillattl.
617 2942 692 3002 Item
712 2940 899 3002 concedimus
913 2946 944 3000 et
956 2937 1168 3000 confirmamus
1181 2941 1330 3016 granciam
1348 2941 1459 3002 Mutari
1471 2957 1540 3002 cum
1552 2943 1642 3003 casali

228 3053 258 3108 et
270 3047 406 3110 omnibus
417 3051 601 3128 pertinentiis
615 3056 644 3110 et
658 3051 824 3110 tenimentis
838 3049 899 3110 suls
912 3049 943 3108 in
957 3049 1104 3108 territorio
1116 3047 1221 3109 Mileti.
1233 3047 1307 3108 item
1320 3047 1509 3110 concedimus
1522 3053 1552 3110 ei
1569 3067 1642 3110 oon·

228 3153 381 3217 ilrmamns
403 3158 598 3217 tenimentum
621 3155 721 3217 Sancti
744 3155 893 3217 cristofori
916 3169 985 3215 cum
1008 3152 1145 3214 omnibus
1167 3155 1349 3231 pertinentiis
1368 3157 1445 3229 suis,
1461 3155 1541 3234 quod
1554 3154 1644 3217 babet

230 3263 441 3323 monasterium
455 3279 493 3324 ex
506 3263 660 3342 largitione
674 3263 808 3324 fideliam
826 3265 856 3323 ln
870 3263 1019 3323 territorio
1032 3261 1127 3324 Casiri
1140 3263 1225 3324 Novi.
1243 3263 1318 3323 Item
1331 3261 1516 3324 concedimus
1529 3269 1559 3324 et
1572 3281 1642 3324 con·

229 3367 383 3430 drmsmm
395 3373 593 3448 possesdom
606 3387 681 3449 quas
693 3371 784 3432 babet
797 3371 1008 3432 monasterinm
1027 3370 1061 3429 in
1079 3370 1226 3430 territorio
1241 3369 1353 3430 Polisil.
1368 3372 1442 3430 ltem
1457 3361 1645 3431 concedimus

231 3483 263 3536 ei
274 3475 481 3540 confirmamus
502 3479 625 3556 predia,
646 3480 776 3542 culturas
789 3486 819 3542 et
831 3485 925 3540 terrm
936 3495 996 3556 quc
1009 3477 1089 3538 idem
1109 3479 1320 3540 monasterium
1337 3478 1426 3540 babet
1439 3496 1476 3540 ex
1493 3479 1646 3558 largitione

232 3589 401 3644 nostrorum
416 3583 548 3646 bdelium
568 3588 600 3646 ln
623 3588 785 3648 tenimento
802 3586 945 3648 Messene
959 3587 1018 3664 lpsi
1038 3589 1128 3646 etiam
1150 3588 1327 3648 monasterio
1345 3586 1381 3646 de
1402 3587 1537 3664 ampliori
1553 3589 1648 3666 gratia

232 3687 443 3752 confirmamus
455 3694 486 3752 in
501 3701 675 3772 perpetuum
692 3694 855 3768 eeclesiam,
871 3695 1016 3772 graecias,
1031 3693 1143 3771 predia,
1163 3696 1372 3770 possessiones,
1388 3694 1530 3769 culturas,
1544 3700 1646 3768 terras,

233 3795 410 3868 molendina,
419 3801 592 3880 tenimenta,
603 3803 738 3875 villanos,
749 3801 883 3863 homines
897 3808 1062 3880 spectantes
1072 3803 1112 3864 ad
1125 3803 1203 3864 dicta
1217 3804 1292 3882 loca,
1302 3803 1452 3866 libertates
1465 3811 1495 3864 et
1506 3805 1647 3865 immuni·

232 3906 310 3961 tates
332 3919 523 3982 quascunque
545 3905 583 3967 ab
607 3907 832 3986 imperatoribus
835 3950 1002 3970 .......
1018 3907 1191 3983 comitibus,
1207 3909 1367 3970 baronibus
1385 3916 1415 3971 et
1433 3909 1499 3970 allis
1523 3909 1649 3988 qulbus-

234 4023 384 4089 cumque,
397 4018 432 4071 ut
445 4011 523 4072 idern
543 4017 754 4076 monasterium
769 4032 804 4076 ea
816 4013 925 4076 babeat
937 4013 1029 4076 libera
1042 4013 1080 4075 ab
1092 4017 1174 4076 omni
1188 4017 1340 4077 mactiorm
1353 4017 1497 4096 regalium
1509 4015 1646 4094 lignami-

234 4130 309 4174 num
325 4117 528 4181 uaiservltntc
540 4121 642 4198 aliqua
661 4125 988 4201 quocumqnanoniina
1006 4163 1200 4185 ........
1215 4125 1336 4184 servitio
1338 4163 1647 4185 .............

235 4227 272 4280 nt
285 4221 478 4302 infrascriptis
499 4228 661 4317 privilegiis
674 4235 704 4290 et
717 4231 920 4292 instrumentis
936 4231 1098 4292 dinoscitur
1115 4231 1274 4303 contineri,
1289 4235 1320 4292 et
1332 4233 1410 4292 deut
1420 4247 1463 4292 ea.
1481 4267 1647 4292 .......

235 4328 434 4406 predictarum
458 4350 561 4412 regum
582 4335 688 4398 Sicilie.
706 4377 1082 4402 ...............
1099 4342 1130 4397 et
1151 4335 1220 4398 iicet
1238 4339 1270 4396 ln
1292 4337 1359 4398 aliis
1381 4338 1542 4416 privilegiis
1566 4337 1648 4414 regni

237 4438 332 4496 nostrl
336 4479 922 4507 .......................
936 4443 1076 4504 mandato
1090 4449 1120 4504 et
1132 4451 1228 4505 cetera
1242 4444 1415 4524 generaliter
1426 4450 1648 4522 apponatur...

240 4585 575 4610 ..............
586 4555 686 4612 nostre
698 4553 891 4614 restitutionis
901 4557 931 4613 ct
943 4549 1172 4613 confirmationis
1184 4553 1354 4612 memoriam
1366 4557 1396 4611 et
1408 4549 1498 4611 robur
1509 4555 1650 4628 perpetuo

224 4647 416 4728 bailiarum,
431 4671 549 4732 presens
571 4659 755 4740 priuilegium
758 4701 1208 4723 ..................
1223 4673 1317 4734 anno,
1332 4673 1434 4720 mense
1447 4664 1477 4719 et
1492 4657 1651 4720 indictione

238 4755 419 4835 subscriptis
430 4759 539 4823 Datum
552 4764 726 4842 Brundusii,
737 4769 791 4829 etc
798 4809 807 4840 ,
822 4773 856 4828 ut
869 4766 902 4826 irs
913 4764 1014 4828 altero.

321 4863 363 4927 ll·
383 4877 475 4926 ΡΜ.
1440 4881 1495 4935 tit
