4466 5914
267 595 364 656 aare.
384 593 445 670 rs]
714 583 912 648 nrsronra
936 579 1227 645 nrrnouarroa
1614 569 1675 634 uer

317 729 403 802 Acta
419 735 500 800 sunt
517 725 586 800 bec
601 745 694 798 anno
716 723 889 796 dominice
907 719 1150 796 incarnationis
1167 715 1348 790 millesimo
1365 711 1599 788 ducentesimo
1617 709 1675 783 ri·

270 855 399 928 cesimo
422 859 541 937 sexto,
565 869 683 922 mense
701 848 798 940 julii,
821 845 1077 942 quartadecima
1099 842 1310 932 indictionis,
1327 841 1517 935 imperante
1532 837 1675 910 domino

271 985 388 1052 nostro
417 973 590 1048 Friderico
617 969 771 1044 meando
802 969 1027 1044 invictissimo
1052 969 1281 1040 Romanorum
1300 965 1522 1060 imperatore,
1542 981 1677 1056 semper

270 1109 437 1196 angusto,
451 1096 638 1172 Jerusalem
653 1104 688 1168 et
702 1095 817 1168 Sicilie
828 1115 924 1186 rege,
937 1113 1026 1166 anno
1043 1091 1188 1166 Romani
1205 1088 1339 1184 imperii
1357 1091 1433 1181 ejus
1449 1095 1561 1178 sexta,
1577 1085 1675 1180 regni

271 1225 458 1299 Jerusalem
475 1221 587 1317 primo
602 1219 746 1314 etregni
764 1219 878 1291 Sicilie
891 1217 1055 1290 vicesimo
1073 1237 1177 1307 nono,
1196 1213 1349 1286 feliciter.
1369 1210 1490 1284 Amen.

321 1351 447 1422 Datum
464 1344 561 1442 apud
577 1345 718 1418 Pontem
736 1343 948 1433 Tremulnm,
960 1363 1063 1429 anno,
1076 1359 1194 1412 mense
1210 1347 1245 1412 et
1261 1336 1449 1411 indictione
1464 1333 1672 1431 prescriptis.

483 1650 1131 1666 a--oouna-——o—-o--u--n-au--a--n
1137 1645 1462 1658 κι--ι-α--ιο--ι-ιο-

326 1941 558 2048 Fridericus,
577 1941 837 2025 Romanorum
851 1937 1074 2046 imperator,
1090 1932 1259 2042 burgum
1281 1930 1466 2014 Samariae
1483 1957 1572 2016 cum
1585 1957 1681 2041 per-
1731 1951 1861 2056 suppum.

274 2073 443 2158 tinentiis
456 2071 539 2184 ejus
556 2081 594 2155 et
608 2073 823 2155 habitantes
836 2069 876 2150 in
890 2093 935 2152 eo
949 2065 1021 2149 sub
1039 2065 1191 2174 speciali
1210 2089 1280 2148 stra
1294 2065 1522 2173 protentione
1535 2065 1681 2175 recipit,
1709 2057 1889 2117 '‘¹⁸¹¹’¹⁰⁰¹¹¹¹⁰¹·

274 2208 328 2292 ita
355 2207 461 2316 quud
489 2205 587 2290 nulli
613 2204 678 2286 olii
704 2203 854 2286 subsint
878 2201 938 2284 uel
964 2199 1191 2308 respondere
1207 2207 1406 2308 cogantur,
1427 2197 1501 2280 nisi
1523 2197 1596 2280 sibi
1618 2207 1685 2282 aut

275 2339 410 2450 legatis
440 2347 478 2422 et
508 2337 714 2447 capitaneis
741 2336 821 2420 suis
842 2335 910 2445 qui
940 2357 1011 2443 pro
1037 2341 1207 2442 tempore
1228 2329 1369 2414 ibidem
1399 2331 1589 2414 extiterint
1610 2356 1683 2415 ur-

275 2473 409 2554 dinati.
473 2544 477 2552 .

356 2684 522 2765 (Memorat.
536 2679 1003 2766 ap.1.unnrnamr,llalt’ortpin.
1019 2680 1096 2744 della
1108 2681 1180 2744 sitta
1192 2679 1224 2742 di
1235 2681 1314 2743 latui
1326 2699 1341 2742 e
1354 2679 1386 2743 dt
1398 2681 1544 2759 Sartona,
1558 2678 1643 2746 MSS.
1655 2685 1687 2746 tn

394 2791 465 2852 bibl.
490 2793 568 2854 berti
589 2792 747 2864 donnana,
766 2789 820 2851 lul.
840 2799 911 2863 192,
926 2795 1014 2862 extr„
1037 2795 1067 2850 et
1084 2805 1133 2866 ep.
1149 2789 1350 2862 semustae,
1365 2786 1477 2848 duaci.
1495 2785 1587 2850 melas.
1611 2787 1688 2851 della

399 2897 502 2978 Ligur.
517 2897 616 2972 MSS„
630 2897 718 2971 lbld.,
733 2903 758 2958 t.
772 2897 818 2973 11,
831 2894 881 2957 iol.
898 2903 974 2968 aaa,
990 2893 1081 2974 extr.)

324 3082 540 3174 Fredericus,
562 3091 616 3156 etc
620 3132 1682 3155 .................................

277 3321 471 3424 predictum
489 3329 642 3423 burgum
656 3331 802 3402 Sarzane
818 3351 897 3401 cnm
916 3325 1130 3423 pertinentiis
1146 3327 1221 3418 ejus
1235 3335 1269 3400 et
1283 3325 1477 3400 habitantes
1493 3327 1529 3398 in
1544 3347 1586 3400 eo
1605 3349 1686 3400 cum

277 3453 440 3526 omnibus
466 3453 698 3547 burgensibus
724 3453 790 3526 sub
823 3453 964 3549 speciali
992 3459 1107 3525 nostra
1136 3458 1171 3522 et
1197 3450 1331 3546 imperii
1357 3453 1568 3548 protectione
1593 3453 1686 3526 reci-

277 3577 414 3672 pimus,
440 3577 556 3671 ipsum
580 3577 616 3647 in
637 3576 791 3650 dominio
812 3585 944 3666 nostro,
962 3577 1063 3649 sicuti
1079 3577 1164 3650 alias
1180 3576 1336 3649 civitates
1354 3585 1389 3648 et
1403 3585 1512 3650 castra
1529 3577 1682 3673 imperii,

278 3701 428 3774 retinere
442 3700 613 3786 volentes;
630 3699 678 3772 ita
691 3701 786 3794 quod
798 3721 861 3796 per
872 3721 935 3774 nos
948 3709 1009 3773 nut
1021 3721 1234 3774 successures
1247 3711 1380 3773 nostros
1393 3701 1479 3773 nulli
1496 3701 1555 3776 alii
1569 3704 1686 3798 aliquo

279 3847 435 3921 unquam
451 3833 605 3921 tempore
619 3825 814 3898 conteratur
816 3878 1681 3900 ...........................

278 4073 435 4166 Burgum
457 4093 600 4168 quoque
616 4074 787 4169 prelatum
810 4095 890 4145 cum
912 4073 1127 4169 pertinentiis
1144 4075 1220 4167 ejus
1235 4073 1280 4148 ab
1296 4073 1390 4147 omni
1414 4074 1553 4148 alterius
1571 4075 1686 4168 juris-

279 4195 452 4287 dictione,
468 4205 634 4291 potestate
648 4207 683 4272 et
698 4197 852 4271 dominio
866 4198 903 4269 in
920 4207 1125 4294 perpetuum
1137 4199 1341 4291 eximimus,
1359 4198 1407 4271 ita
1420 4197 1514 4294 quod
1527 4200 1614 4272 nulli
1626 4201 1686 4274 alii

280 4318 415 4391 subsint
437 4321 495 4394 rel
519 4321 726 4416 respondere
744 4323 802 4397 rel
823 4323 901 4418 'cogi
926 4323 1058 4418 possint
1079 4323 1126 4398 ad
1147 4324 1336 4418 justitiam,
1358 4325 1416 4398 vel
1440 4323 1487 4396 ad
1505 4325 1685 4400 servitium

281 4441 424 4536 aliquod
439 4443 476 4516 in
493 4444 654 4518 civilibus
669 4455 730 4520 ant
748 4447 985 4521 criminalibus
998 4449 1112 4522 causis
1125 4470 1187 4545 per
1206 4449 1313 4521 alium
1335 4459 1526 4542 teneantur,
1543 4450 1610 4524 nisi
1625 4473 1688 4548 per

284 4585 347 4637 uos
363 4575 425 4640 aut
442 4567 572 4664 legatos
592 4579 726 4644 nostrus
739 4580 802 4646 aut
817 4573 1013 4669 capitaneos
1032 4573 1095 4668 qui
1115 4571 1246 4646 ibidem
1266 4573 1442 4646 extiterint
1457 4595 1519 4670 pro
1535 4583 1688 4672 tempore

284 4688 452 4785 ordinati3
480 4695 769 4770 conventionibus
792 4706 870 4793 post
890 4697 1083 4794 predictum
1108 4697 1328 4794 privilegium
1350 4698 1434 4794 ipsis
1458 4699 1690 4794 burgensibus
