4330 5914
550 599 611 661 rae
1000 635 1002 644 .
1063 595 1243 665 sanaret
1268 603 1435 666 snarrur
1773 605 1855 686 [na.
1874 605 1960 669 rma

551 737 686 832 exegit,
703 746 738 812 ct
751 760 877 835 negare
892 761 962 814 non
978 747 1104 836 potest,
1122 737 1311 813 dummodo
1329 740 1416 814 sciat
1430 740 1525 836 loqui
1540 741 1718 814 usualiter.
1741 737 1798 815 Ad
1813 741 1883 814 hec
1898 741 1963 814 ihi·

551 861 632 936 dem
653 886 715 960 per
740 867 941 940 sententiam
972 867 1037 939 init
1063 865 1146 942 duci
1174 864 1373 957 adjudicata
1395 867 1501 940 tutela
1528 867 1753 964 parvulorum
1775 889 1892 963 usqne
1917 869 1962 942 ad

551 987 797 1063 duodecimum
809 1013 937 1064 annum
952 990 1205 1086 defendisque
1220 989 1356 1086 abipso
1372 1000 1544 1065 tenentur.

597 1113 783 1188 Prolationi
809 1115 953 1190 istarum
984 1115 1230 1188 sententiarum
1258 1115 1486 1190 interfuerunt
1506 1116 1556 1188 hii
1579 1116 1752 1214 principes
1777 1125 1813 1190 et
1837 1125 1958 1191 testea:

549 1239 698 1314 Siiridus
720 1241 961 1337 Magantinus,
981 1240 1210 1336 Engelbertns
1234 1239 1462 1336 Coloniensis,
1487 1241 1720 1316 Theudoricus
1741 1243 1962 1317 Traverensis

548 1365 815 1462 archiepiscopi,
837 1365 1015 1442 Conradus
1037 1365 1200 1455 Metensis
1219 1375 1254 1439 ct
1273 1367 1445 1464 Spirensis
1466 1367 1651 1464 episeopus
1673 1367 1863 1463 imperialis
1884 1368 1963 1442 aula

550 1491 787 1584 cancellarius,
802 1491 1070 1589 Herbipolonsis‚
1089 1489 1318 1586 Augustensis
1330 1491 1498 1588 episcopi,
1513 1512 1629 1565 onmes
1643 1491 1688 1566 de
1698 1491 1830 1584 Diisoh,
1846 1513 1962 1564 comes

549 1615 723 1712 palatinus
742 1617 847 1711 lieni,
867 1639 981 1690 conres
1005 1615 1205 1690 Ludovicns
1219 1615 1264 1690 de
1284 1616 1551 1711 Wertenbcrge,
1567 1614 1753 1712 ridulphus
1776 1636 1895 1689 eomas
1917 1614 1962 1690 de

549 1739 681 1833 Marna,
697 1741 900 1816 Fredericus
920 1762 1034 1816 comes
1055 1738 1256 1832 (lenitaue,
1280 1739 1442 1814 dominus
1461 1741 1507 1816 de
1528 1739 1739 1815 Helmelsber
1758 1737 1820 1836 (o),
1847 1761 1962 1814 comes

549 1865 691 1939 Lucsocl
714 1865 763 1964 (b)
784 1865 829 1941 de
847 1865 1015 1955 Hostade‚
1039 1885 1154 1938 comas
1179 1863 1225 1938 de
1248 1863 1395 1955 Castulo,
1421 1865 1592 1940 Hauricus
1617 1865 1750 1962 dapifer
1777 1865 1823 1940 de
1847 1866 1962 1939 Wart-

550 1987 658 2062 boreh
684 1987 748 2088 (c),
784 1990 948 2086 pincerna
976 1989 1021 2062 dc
1041 1989 1182 2086 Sciphe‚
1211 1989 1396 2064 Wernerus
1420 1989 1466 2065 dc
1492 1989 1689 2083 Bollandia,
1720 1989 1894 2065 Gerardus
1918 1988 1963 2063 da

551 2116 723 2190 Sennaoka
741 2115 848 2188 etalii
869 2116 1104 2212 quamplures.

600 2231 725 2306 Actum
742 2231 973 2328 aquisgrani,
991 2233 1027 2305 in
1047 2233 1214 2329 solempni
1233 2234 1328 2308 ouria
1342 2235 1509 2309 innostra
1525 2235 1763 2328 coronatione,
1781 2253 1875 2309 anno
1895 2236 1962 2307 Do·

551 2357 637 2431 mini
653 2358 701 2432 Μο
715 2357 778 2430 CC⁰
796 2357 1144 2452 vicesimosecundo,
1161 2379 1279 2433 mense
1293 2361 1397 2454 maio.

416 2930 480 3017 Ἃ
506 3000 514 3026 ‚
604 2897 810 3007 Henrious,
831 2897 1091 2983 Romanorum
1117 2926 1203 3008 rex,
1223 2899 1496 2984 monasterium
1512 2899 1561 2980 de
1579 2895 1807 3007 steingaden
1826 2894 1868 2976 in
1887 2919 1963 3005 quo

476 3057 482 3072 ·
553 3031 725 3142 sepultus
743 3044 800 3116 est
816 3033 1026 3117 avunculus
1040 3035 1237 3144 quondam
1255 3061 1348 3119 suns
1360 3033 1440 3118 dux
1451 3030 1645 3140 Welio,in
1658 3029 1838 3116 omnibus
1851 3025 1964 3114 honis

552 3163 635 3276 ejus
653 3165 830 3250 mitesce
843 3167 1048 3250 munitum.

637 3380 810 3462 (Memorat.
830 3399 876 3461 ap.
899 3383 1004 3457 Lana,
1020 3382 1130 3464 Repert.
1148 3381 1238 3459 Boia,
1257 3387 1282 3444 t.
1303 3383 1348 3455 11,
1367 3399 1399 3460 p.
1420 3390 1487 3444 1²6.
1503 3381 1570 3457 Qua
1592 3395 1681 3443 musa
1699 3379 1757 3442 hoe
1777 3377 1964 3460 priuilegium

675 3491 751 3552 inter
763 3496 879 3552 eastern
891 3490 1080 3553 Mocamccte
1095 3490 1183 3552 Botcc
1196 3490 1295 3552 locum
1307 3505 1395 3552 auum
1409 3505 1471 3552 non
1485 3489 1638 3564 habuult,
1652 3489 1774 3550 omnino
1792 3483 1961 3564 mamus]

601 3677 728 3756 Datum
754 3699 863 3776 prope
885 3679 1138 3770 Frankenvort,
1168 3702 1259 3755 anno
1288 3679 1460 3756 dominice
1484 3677 1729 3754 incarnationis
1760 3675 1961 3766 MCCXXII,

553 3802 599 3878 IV
615 3801 780 3880 kalendas
792 3805 895 3900 junii.

478 4411 485 4426 ,
606 4318 811 4427 Esuriens,
831 4318 1091 4406 Romanorum
1107 4347 1194 4429 rex,
1219 4321 1358 4405 iterum
1374 4319 1575 4406 confirmat
1590 4317 1709 4430 patris
1736 4315 1797 4403 sui
1824 4314 1963 4400 Fride·

599 4537 641 4618 (a)
662 4537 743 4600 Atlas
761 4535 796 4600 dc
809 4536 978 4621 namhoc,
995 4545 1140 4619 utsupra.

599 4642 639 4726 (t)
661 4645 744 4707 Alias
756 4644 927 4721 testeam,
942 4653 978 4710 nt
990 4663 1088 4726 supra.

598 4750 635 4834 (a)
657 4751 739 4816 man
752 4751 786 4815 dc
801 4751 982 4830 Wolkborclr,
996 4755 1193 4818 rutsimlllter
1204 4750 1239 4814 dc
1252 4749 1432 4816 Watotorct.
