4330 5914
566 581 625 642 tto
1066 587 1279 650 Fatbsatct
1305 589 1478 650 secubat
1784 593 1863 670 [An.
1885 595 1968 657 1227.

564 716 779 790 serenitatem
799 725 893 792 tuam
913 719 1139 816 deposcentes
1156 733 1285 798 attente
1305 733 1477 820 quatenus
1497 726 1630 822 ipsum,
1650 727 1757 800 immo
1776 730 1892 802 verius
1909 751 1970 804 nos

563 841 600 912 in
619 841 713 934 ipso,
734 863 834 914 cures
852 843 888 914 in
911 845 954 916 iis
970 866 1041 940 que
1055 848 1102 920 ad
1118 849 1184 920 hoc
1201 849 1379 942 negotium
1399 851 1571 946 pertinent
1587 859 1623 923 et
1645 851 1768 926 audire
1786 853 1970 927 clementer

561 973 596 1038 et
613 965 794 1040 efficaciter
812 967 992 1042 exaudire.

610 1091 735 1162 Datum
765 1091 938 1186 laterani,
964 1095 1010 1166 Vl
1037 1095 1203 1170 kalendas
1224 1097 1388 1208 lehmarii
1407 1097 1478 1196 (l),
1507 1098 1723 1196 pontificatus
1747 1101 1855 1174 nostri
1879 1125 1969 1177 anno

561 1212 759 1288 undecimo.

390 1688 458 1774 αξξ,
483 1691 503 1775 ,0
611 1675 801 1758 Honorius
818 1700 918 1783 papa
935 1674 974 1775 in
994 1674 1066 1756 hos
1084 1672 1265 1756 invehens
1282 1673 1350 1782 qui
1367 1671 1602 1756 frumentum
1625 1673 1811 1754 malitiose
1828 1667 1963 1752 occul-

558 1819 659 1916 tant,
688 1807 921 1890 Friderioum
947 1809 1208 1890 Romanorum
1234 1808 1501 1915 imperatorem
1526 1817 1637 1916 rogat
1662 1817 1704 1888 ut
1730 1805 1853 1886 mittat
1880 1801 1965 1882 iru-

557 1953 730 2025 mentum
748 1943 798 2024 ad
816 1941 953 2024 Urbem
977 1949 1145 2049 tempore
1162 1939 1294 2035 lamis,
1315 1939 1607 2049 exemplumque
1633 1947 1819 2022 memorat
1843 1959 1965 2044 papa-

557 2102 645 2158 rum
659 2074 864 2157 Alexandri
881 2083 919 2156 et
935 2073 1040 2156 Lucii
1057 2074 1125 2181 qui
1143 2074 1182 2154 in
1202 2073 1317 2156 simili
1334 2099 1426 2156 casu
1444 2073 1494 2156 ad
1511 2099 1620 2184 reges
1639 2071 1787 2154 Siciliae
1798 2068 1965 2152 habuere

556 2232 753 2290 recursum
772 2215 809 2288 et
826 2205 1037 2314 benignum
1054 2229 1281 2313 responsum
1305 2215 1542 2314 acceperunt.

638 2449 761 2522 (lnedtt
776 2465 814 2508 ex
839 2448 905 2508 eod.
925 2447 1004 2520 Bthl.
1029 2451 1097 2526 maj.
1122 2449 1232 2527 Parta,
1253 2455 1286 2508 n⁶
1305 2455 1401 2521 aaut,
1421 2447 1474 2510 lot.
1496 2456 1534 2508 sa
1553 2463 1638 2510 verso
1658 2453 1690 2508 et
1706 2455 1743 2508 sa
1758 2453 1856 2523 recto,
1876 2449 1961 2526 epist.

676 2553 724 2614 lib.
741 2554 818 2630 Vll.)

605 2765 807 2865 [Honorius
826 2763 928 2866 etc.].
948 2765 1089 2840 Calcatis
1107 2767 1253 2841 altitudo
1271 2767 1404 2839 consilii
1423 2769 1492 2839 alta
1507 2777 1542 2840 et
1556 2766 1720 2838 ineffabili
1743 2766 1868 2862 pietate
1884 2765 1962 2836 nni-

553 2915 653 2972 versa
674 2892 861 2988 disponens
877 2914 991 2964 rerum
1011 2892 1269 2965 vicissitudines
1288 2913 1357 2964 non
1373 2891 1448 2964 sino
1464 2889 1689 2986 dispositione
1709 2901 1800 2962 certe
1821 2889 1961 2962 rationis

553 3019 718 3109 alternat,
739 3039 832 3089 nunc
855 3025 995 3110 egentes
1013 3017 1144 3089 iaciens
1167 3015 1388 3106 habundare,
1411 3037 1504 3087 nune
1521 3013 1760 3088 habundantes
1782 3035 1904 3110 egere,
1924 3023 1962 3085 nt

552 3141 704 3214 humana
720 3139 873 3212 conditio
890 3162 951 3234 per
967 3140 1225 3214 alternationem
1240 3139 1440 3232 hujusmodi
1459 3139 1567 3211 seculi
1584 3139 1639 3210 sui
1651 3147 1769 3238 wstatus
1790 3137 1961 3210 instabili-

552 3275 655 3338 tatem
665 3277 841 3358 agnoscat,
855 3265 982 3335 etalter
995 3264 1090 3336 alteri
1103 3261 1320 3359 compatienti
1330 3263 1540 3337 subveniens
1549 3263 1690 3358 impleat
1703 3264 1813 3356 legem
1823 3261 1956 3350 Christi,

553 3389 637 3483 quia
654 3388 818 3478 jubemur
836 3387 1013 3482 proximos
1032 3367 1165 3462 nostros
1187 3389 1332 3483 diligero
1349 3397 1383 3461 et
1401 3390 1486 3460 alter
1505 3387 1644 3461 alterius
1665 3388 1795 3462 honera
1816 3408 1958 3484 suppor-

553 3522 638 3584 tare.
658 3511 745 3583 Ecce
761 3511 844 3606 qnia
871 3513 997 3584 samem
1017 3535 1161 3586 vocasse
1175 3511 1315 3586 videtur
1336 3513 1502 3585 Dominus
1524 3535 1630 3608 super
1651 3513 1779 3585 Urbem
1802 3521 1837 3584 et
1860 3511 1897 3582 iu
1919 3532 1959 3583 ea

551 3635 741 3708 lomentum
755 3635 855 3732 panis
868 3636 1020 3731 graviter
1034 3636 1227 3711 decrevisse
1240 3635 1307 3734 (Ξ),
1326 3637 1480 3710 nonnulli
1501 3646 1616 3710 umen
1632 3637 1741 3734 ipsius
1755 3635 1857 3709 Urhis
1873 3657 1959 3730 quos

588 3945 625 4024 (t)
643 3945 745 4006 Eodem
758 3945 815 4018 die,
829 3945 925 4002 litteris
935 3945 970 4004 ad
983 3945 1124 4002 universos
1135 3945 1270 4004 Ecclesiae
1280 3945 1416 4004 Romanae
1428 3945 1552 4004 nudus
1561 3945 1680 4016 directis,
1695 3943 1815 4020 regimini
1829 3949 1857 4002 et
1870 3948 1958 4002 orob·

550 4045 610 4104 diae
617 4043 702 4118 ipsius
710 4041 839 4099 lobannis
846 4041 880 4098 de
889 4041 984 4100 Briena
997 4047 1082 4121 totum
1094 4041 1284 4115 patrimonium
1295 4041 1483 4100 altadicoiano
1492 4057 1577 4116 usque
1590 4042 1702 4099 Romam
1710 4055 1831 4098 summus
1839 4041 1958 4114 pontifex

549 4141 698 4212 commisit,
723 4143 834 4212 excepta
854 4137 973 4195 marchia
992 4137 1171 4211 Anconitana,
1196 4138 1294 4196 ducatu
1314 4139 1428 4213 Spoleti,
1449 4140 1532 4197 Reate
1554 4141 1586 4196 ac'
1608 4137 1727 4197 Sabinis.
1748 4141 1862 4212 Itepeet,
1876 4137 1955 4208 itta,

549 4241 627 4315 epist.
642 4241 704 4310 l97,
715 4243 743 4295 et
754 4253 799 4311 ap.
814 4238 976 4307 harusam,
992 4237 1091 4294 Anoul.
1102 4237 1202 4310 aeetae,
1215 4237 1332 4307 ibidem,
1344 4237 1361 4310 ἕ
1373 4237 1408 4296 V.

584 4337 622 4412 (t)
644 4355 658 4390 e
672 4333 858 4405 mccxxvn,
870 4347 964 4391 manse
974 4332 1112 4405 ianuarid,
1123 4335 1236 4393 carestia
1250 4333 1376 4392 humenti
1391 4337 1465 4392 unu
1477 4331 1506 4390 in
1518 4331 1586 4392 mbo
1598 4331 1684 4392 boma
1693 4333 1763 4392 laeta
1776 4339 1818 4390 ast
1830 4337 1862 4392 ut
1871 4331 1956 4392 nibus

548 4453 561 4488 a
574 4432 655 4490 tritid
669 4448 717 4506 pro
731 4436 765 4490 at
785 4429 877 4490 solidis
892 4431 1062 4488 denanornm
1074 4438 1185 4491 senatus
1201 4432 1295 4490 haberi
1308 4433 1355 4492 vix
1367 4439 1467 4509 postet.
1482 4432 1615 4490 nonnus
1630 4447 1701 4508 papa
1713 4447 1778 4490 seros
1789 4432 1824 4488 ad
1837 4431 1953 4506 impera·

547 4545 561 4580 a
576 4537 663 4588 torem
677 4530 705 4586 in
718 4529 834 4586 Siciliam
843 4529 956 4586 nuncios
969 4529 1052 4586 mittit
1062 4535 1093 4586 ut
1103 4529 1155 4587 sibi
1165 4536 1193 4588 et
1204 4531 1339 4588 Romanae
1352 4531 1441 4588 curiae
1456 4531 1485 4588 in
1494 4530 1656 4588 victualibus
1667 4530 1838 4602 subveniret;
1851 4530 1954 4604 quiper

546 4648 559 4681 n
576 4627 721 4686 ilenricum
736 4627 769 4684 de
783 4627 870 4684 llorra
888 4627 1045 4698 magistrum
1055 4626 1227 4699 justitiarium
1242 4627 1293 4686 hoe
1315 4627 1372 4686 fieri
1392 4628 1510 4686 mandat.
1524 4648 1537 4682 o
1552 4627 1626 4685 broc.
1645 4645 1681 4686 ns
1698 4627 1727 4685 S.
1744 4627 1848 4697 enin,
1869 4625 1952 4686 Obru-

542 4728 599 4784 ot'o.
615 4723 652 4781 od
665 4739 731 4780 ano.
