4330 5914
191 605 288 664 trum.
307 601 367 684 15.]
642 599 838 662 HISTORIA
864 598 1154 660 bretonarlct.
1542 595 1602 658 697

191 739 326 832 pientes
343 737 508 831 quatinus
531 736 583 808 sic
599 736 648 808 ab
662 737 824 808 omnibus
846 736 1010 808 molestiis
1027 734 1275 830 predictorum,
1300 743 1369 806 tam
1396 753 1501 828 super
1521 734 1599 826 pla-

191 861 323 934 teaticis
343 871 379 933 et
402 860 540 955 pascuis
564 859 680 931 liberis
696 860 896 932 eommdem
919 881 1024 954 quam
1050 869 1084 930 et
1105 859 1182 930 aliis
1199 857 1361 930 omnibns
1385 857 1599 930 libertatibus

192 1007 260 1080 que
282 985 319 1056 in
343 1007 463 1058 eorum
479 984 672 1080 privilegiis
693 985 923 1073 eontinentur,
944 983 989 1056 de
1012 993 1124 1056 cetero
1148 982 1337 1072 desistatis,
1357 981 1452 1075 quod
1468 981 1514 1054 ad
1535 1003 1599 1053 nos

188 1112 303 1202 justum
320 1111 447 1182 damur
460 1129 580 1182 eorum
595 1108 778 1182 occasiorm
791 1107 991 1200 hujusmodi
1014 1128 1081 1179 non
1105 1113 1271 1186 recurram
1295 1106 1412 1177 scituri
1431 1125 1492 1200 pro
1506 1115 1598 1177 certo

192 1233 330 1329 quodsi
347 1233 606 1329 privilegiorum
632 1241 667 1304 et
694 1233 934 1305 mandatorum
958 1241 1152 1304 nostrorum
1173 1230 1399 1304 inveniamini
1419 1229 1465 1302 de
1485 1237 1598 1302 cetero

192 1367 476 1452 transgressores,
494 1377 584 1452 pena
608 1355 754 1428 docente
777 1357 892 1428 scietis
916 1377 1020 1449 quam
1045 1355 1261 1428 temerarium
1284 1354 1329 1426 sit
1352 1354 1542 1448 privilegiis
1562 1363 1598 1426 et

194 1481 363 1576 preceptis
379 1479 615 1575 imperialibus
630 1481 785 1552 obviare.

198 1645 203 1652 ·
240 1607 365 1677 Datum
381 1605 505 1698 logie,
522 1604 626 1677 tercio
643 1603 854 1693 decembris,
877 1604 939 1674 XV
954 1601 1153 1676 indictione.

248 2259 478 2362 Fridericus,
498 2257 758 2340 Romanorum
782 2255 1002 2368 imperator,
1024 2255 1215 2366 Stephano
1234 2255 1360 2338 abbati
1390 2256 1605 2340 Cassincnsi

195 2401 280 2500 post
301 2393 584 2504 inquisitionem
607 2391 747 2474 iactam
770 2391 859 2502 jura
885 2401 922 2473 et
952 2391 1117 2473 rationes
1139 2387 1358 2496 confirmat,
1386 2390 1526 2472 scilicet
1557 2391 1605 2474 de

194 2523 522 2632 procurationibus
541 2525 751 2608 secundum
768 2525 971 2634 antiquum
989 2549 1133 2606 morem
1151 2521 1296 2632 abipso
1315 2521 1451 2606 abbate
1469 2533 1506 2607 et
1521 2522 1605 2606 offi-

195 2657 302 2740 ciatis
321 2657 400 2739 suis
416 2658 655 2768 colligendis.

276 2897 362 2972 (Edit
373 2895 516 2975 apilioc.
529 2915 569 2957 nu
582 2897 613 2960 S.
625 2897 736 2970 Genu„
753 2895 884 2958 chronic.
893 2893 934 2955 od
946 2914 1015 2956 aco.
1028 2906 1115 2968 ltro,
1130 2913 1168 2956 ex
1179 2897 1306 2957 sditlone
1317 2912 1406 2972 quam
1421 2897 1603 2958 emendatius

314 3003 450 3064 exhibuit
462 3005 623 3076 annom,
637 3001 679 3063 ud
688 3003 766 3063 Hirt.
785 3004 894 3063 Caris.
907 3021 1019 3078 acras,
1031 3015 1100 3080 pars
1112 3005 1164 3082 ll·,
1178 3019 1208 3082 p.
1224 2999 1307 3082 787.)

244 3217 457 3310 Fredericus,
474 3227 557 3308 etc,
578 3218 751 3313 Stephano
769 3218 959 3291 venerabili
973 3217 1180 3300 Cassinensi,
1199 3217 1315 3290 abbati
1330 3216 1424 3290 fideli
1441 3237 1519 3306 suo,
1535 3227 1601 3289 etc.

198 3341 365 3414 Fidelitati
387 3351 446 3414 tue
472 3343 687 3437 presentibus
708 3343 870 3414 volumus
896 3362 974 3414 esse
995 3351 1113 3414 notum
1140 3341 1235 3435 quod
1258 3341 1305 3414 ad
1322 3342 1604 3437 supplicationem

198 3475 290 3540 tuam
314 3489 420 3562 quam
448 3489 510 3562 per
527 3467 681 3558 judicem
711 3467 848 3537 Petrum
876 3465 921 3538 de
943 3468 1067 3538 Sancto
1091 3466 1259 3538 Germano
1287 3466 1422 3540 fidelem
1451 3477 1604 3539 nostrum

199 3601 313 3664 nostro
330 3591 472 3663 culmini
491 3591 692 3686 porrexisti,
712 3589 892 3684 petitiones
907 3599 983 3662 tuas
1003 3591 1187 3662 clementer
1203 3591 1422 3682 admisimus,
1440 3613 1604 3686 supereo

198 3715 358 3788 videlicet
372 3714 468 3810 qnod
481 3715 623 3808 antiqua
635 3715 715 3804 jura
731 3715 928 3786 strutiones
945 3715 1074 3808 quibus
1092 3725 1243 3809 tempore
1260 3715 1351 3807 regie
1367 3715 1537 3788 Guillelmi
1551 3737 1604 3788 re·

199 3837 341 3911 colende
361 3839 523 3912 memorie
536 3847 636 3910 tuum
653 3839 897 3910 monasterium
913 3849 964 3912 est
978 3838 1168 3933 provisum,
1186 3838 1248 3910 tibi
1266 3849 1299 3910 et
1317 3839 1382 3933 ipsi
1398 3839 1602 3912 monastario

200 3980 401 4034 conservare
420 3961 465 4036 de
488 3972 603 4036 nostra
623 3961 734 4055 gratia
757 3960 991 4054 dignaremur.
1012 3963 1138 4034 Verum
1155 3962 1238 4056 qnia
1254 3963 1299 4035 de
1315 3963 1398 4056 ipsis
1411 3963 1550 4054 juribus
1567 3972 1602 4034 et

199 4085 387 4157 rationibus
399 4105 469 4158 non
484 4087 678 4172 constabat,
705 4105 765 4178 per
790 4085 926 4158 Petrum
954 4085 999 4158 de
1025 4085 1136 4158 libulo
1160 4095 1195 4158 et
1218 4087 1395 4158 Nicolaum
1418 4087 1463 4160 de
1488 4087 1602 4161 Cicala

196 4207 394 4297 justitiarios
410 4211 511 4282 Terre
527 4209 667 4282 laboris
681 4207 734 4306 (l)
753 4209 1008 4303 inquisitionem
1027 4209 1100 4284 lieri
1123 4211 1266 4283 fecimus
1289 4211 1500 4306 diligentem.
1525 4213 1602 4298 Qua

234 4511 269 4584 (t)
288 4513 345 4570 lloc
363 4529 445 4586 anno,
464 4515 642 4574 verisimiliter
661 4518 689 4573 in
709 4517 854 4592 septembri
871 4535 878 4572 :
895 4517 1048 4574 «Nicolaus
1063 4517 1097 4575 de
1114 4518 1202 4576 Cicala
1221 4527 1249 4576 et
1270 4519 1365 4578 Petrus
1380 4519 1503 4580 dominus
1522 4521 1601 4582 libuli

1648 2287 1785 2395 [filliis

203 4625 215 4658 ι
229 4609 327 4666 cadum
340 4610 427 4668 otlloio
436 4612 637 4684 justitiariatus,
652 4619 680 4672 et
692 4614 838 4686 lloggerius
851 4614 885 4672 de
904 4614 1040 4672 Galluocio
1053 4623 1081 4672 at
1095 4615 1193 4674 ilarius
1206 4617 1346 4690 ltapistrus
1359 4619 1394 4676 ds
1407 4619 1516 4693 Neapoli
1534 4621 1600 4678 sub·
1717 4622 1723 4632 '

203 4723 215 4756 s
230 4706 376 4764 abluuntur
388 4707 527 4766 eisdem.»
543 4711 708 4770 illaesas.
723 4710 828 4782 em,
843 4711 949 4768 ibidem.

275 4807 427 4870 11.sz
1406 4825 1443 4875 88
