4324 5916
668 619 922 682 bocbnullrll
950 622 1105 685 srllnln.

414 915 881 928 manunt-m
885 915 1356 932 mmo-*novum

234 1224 467 1330 Fridericus,
487 1223 747 1308 Romanorum
764 1226 984 1336 imperator,
1000 1227 1111 1311 Petro
1128 1225 1257 1311 abbati
1274 1229 1492 1313 monasterii
1511 1230 1595 1314 Vin·
1664 1270 1735 1356 “²0⁰
1769 1285 1777 1308 ‚

181 1359 283 1468 ginis
311 1358 451 1443 Mariae
478 1357 755 1443 Heremitarum
782 1367 819 1443 et
846 1360 973 1443 Sancti
944 1346 1184 1470 tStephani
1216 1361 1265 1445 de
1294 1361 1454 1448 Nemore
1482 1373 1596 1476 atque
1780 1343 1786 1356 ’

182 1491 383 1574 conventui
401 1490 483 1602 ejus
501 1492 664 1574 restituit
647 1501 713 1576 tet
725 1491 926 1577 confirmat
943 1495 1073 1578 omnia
1089 1493 1260 1604 ipsorum
1277 1497 1500 1608 privilegia
1485 1509 1595 1610 Juxta

183 1624 358 1736 gencrale
374 1623 578 1708 edictum
567 1652 607 1707 m
635 1625 741 1710 cruia
768 1627 949 1737 Capuana
965 1627 1108 1712 factum
1132 1627 1204 1712 sibi
1221 1617 1431 1740 resignata,
1450 1658 1593 1718 conoe-

183 1763 315 1870 ditquc
342 1771 380 1844 et
404 1760 605 1844 confirmat
628 1761 750 1845 multu
774 1762 887 1847 alia
872 1789 962 1872 Jura
988 1772 1025 1848 et
1050 1763 1307 1940 possessiones
1329 1791 1427 1876 quaa
1453 1767 1594 1852 ibidem

184 1893 411 1976 nominatim
428 1893 707 2003 exprimuntur.

247 2109 383 2184 (sotter.
397 2108 593 2188 Mineruam,
606 2108 713 2170 sama
726 2103 798 2169 deae
810 2114 883 2170 cart.
898 2114 1029 2180 malote,
1050 2109 1166 2172 raccolt.
1186 2119 1221 2171 ιι·
1240 2119 1290 2172 2⁴.
1300 2141 1342 2158 ·-
1357 2111 1499 2188 Τιιοιιιιιι,
1514 2111 1590 2177 Hire.

304 2213 621 2296 calumpniatore
636 2215 766 2290 earam„
774 2223 848 2278 lom.
857 2219 896 2291 V,
904 2217 1040 2294 append„
1049 2233 1070 2296 p
1079 2225 1117 2277 95
1128 2222 1157 2278 at
1167 2225 1216 2278 aa.
1228 2216 1333 2280 Cobet.
1343 2233 1412 2280 cum
1418 2235 1594 2299 pergamena

304 2325 336 2384 ln
343 2324 465 2412 archivo
472 2339 533 2403 rag.
546 2323 575 2384 S.
584 2325 715 2387 Sercrlnl
723 2324 804 2401 apud
811 2323 972 2401 Neapolim
979 2323 1079 2384 Altera
1093 2329 1124 2385 et
1136 2323 1253 2385 brevior
1265 2325 1361 2386 versio
1373 2327 1405 2386 ln
1415 2343 1474 2404 qua
1485 2343 1593 2388 noman

303 2431 455 2492 Tankradl
466 2433 737 2506 lnsarltunnovum
749 2445 838 2509 super
849 2429 993 2510 prlvllegll
1005 2430 1133 2492 lalnmta
1151 2437 1359 2510 argumentum
1372 2431 1514 2512 praebet.)
1589 2467 1591 2474 ·

235 2617 429 2692 Fridericus
451 2619 513 2691 Dei
536 2618 644 2713 gratia
661 2617 892 2692 Romanorum
910 2617 1108 2713 imperator,
1133 2638 1268 2714 semper
1289 2629 1459 2714 augustus
1477 2631 1512 2694 at
1531 2643 1595 2694 rex

186 2742 313 2816 Sicilie.
331 2743 496 2838 Impensis
514 2742 615 2814 nobis
636 2763 658 2815 a
679 2742 823 2814 Domino
841 2740 1018 2815 beneficiis
1037 2741 1286 2837 respondemus
1305 2753 1340 2816 at
1357 2744 1390 2816 ei
1409 2745 1594 2838 gratiarum

186 2867 362 2942 offerimus
380 2865 618 2940 holocaustam
635 2887 715 2939 cum
731 2875 963 2942 sacrosanctas
978 2865 1140 2940 ecclesias
1160 2873 1195 2938 el
1214 2866 1289 2938 loca
1306 2867 1515 2942 venerabilia
1539 2869 1596 2943 la-

187 3015 271 3067 voro
287 3001 402 3067 nostre
419 2992 599 3066 clamantia
614 2991 805 3082 intuentes,
824 3013 943 3064 aarum
959 2991 1038 3087 paci
1058 3000 1093 3064 et
1109 2989 1218 3086 quieti
1236 2990 1500 3066 misericorditer
1515 3014 1595 3088 pro-

187 3118 363 3210 videmus,
380 3127 414 3191 el
427 3138 497 3214 qua
509 3117 559 3191 ibi
573 3118 618 3190 ab
633 3117 711 3190 aliis
724 3117 846 3214 collata
863 3126 944 3190 sunt
957 3126 1072 3190 nostra
1087 3115 1272 3212 imperialis
1286 3118 1451 3192 serenitas
1467 3117 1595 3194 ratiha-

188 3243 317 3316 bitione
331 3240 510 3316 confirmat
523 3251 557 3316 al
572 3264 614 3316 ea
628 3241 831 3314 munoribus
846 3263 909 3315 sua
924 3240 1135 3316 liberalitatis
1147 3249 1358 3336 augmentat.
1372 3239 1596 3320 Attendantes

188 3369 305 3462 itaque
325 3366 550 3440 devocionsm
568 3375 603 3440 et
619 3364 818 3441 fidelitatem
841 3365 930 3439 Patri
957 3366 1164 3439 venerabilis
1188 3365 1324 3438 abbatis
1348 3375 1382 3440 et
1405 3379 1595 3444 conventus

189 3490 383 3564 monasterii
410 3491 556 3585 gloriose
576 3490 728 3585 Virginis
754 3489 862 3564 Maria
883 3490 1132 3562 Heremilarum
1156 3499 1191 3562 et
1215 3491 1329 3563 Sancti
1361 3491 1525 3587 Stephani
1552 3495 1597 3570 da

188 3615 333 3688 Nemore
352 3635 485 3689 necnon
508 3623 543 3689 et
565 3625 693 3712 quante
718 3615 912 3690 devotionis
930 3615 1046 3690 studio
1064 3615 1100 3687 in
1116 3614 1239 3688 eodem
1255 3617 1441 3690 venerabili
1457 3642 1599 3695 monas-

190 3739 276 3812 terio
294 3737 434 3812 creatori
453 3739 607 3813 omnium
631 3739 813 3814 famuletur
835 3747 870 3812 at
889 3749 1017 3834 quanta
1043 3739 1224 3834 vigilantia
1249 3739 1286 3811 in
1314 3739 1435 3814 timore
1460 3745 1599 3818 Domini

190 3871 308 3936 sancta
334 3863 383 3936 ibi
407 3863 529 3937 colitur
552 3864 685 3959 religio,
707 3864 951 3938 monasterium
973 3864 1087 3958 ipsum
1107 3885 1186 3936 cum
1205 3864 1377 3938 universis
1395 3863 1600 3942 obedientiis

190 3987 390 4062 bominibus
406 3996 440 4062 et
454 3989 669 4083 pertinentiis
685 3989 758 4062 suis
778 3989 845 4061 sub
862 3988 973 4084 clipeo
991 3997 1107 4062 nostra
1121 3988 1342 4083 protectionis
1356 3990 1550 4085 recepimus
1565 4001 1600 4066 el

190 4123 348 4186 tenemus
361 4110 426 4208 (a).
437 4112 684 4188 Confirmantes
698 4115 730 4188 ei
747 4114 909 4187 universa
923 4113 1117 4210 privilegia,
1131 4113 1369 4186 concessiones
1380 4123 1415 4187 et
1427 4113 1599 4190 libertates

232 4313 275 4394 (a)
296 4315 534 4396 Salambriai
546 4311 1599 4397 mpolmumfflaodedidmntpapcllaasacactrmmlalo

191 4421 230 4482 cas
246 4438 337 4500 sopra
352 4422 456 4491 citata
473 4423 621 4500 &uotum
638 4440 705 4484 acro
717 4429 840 4503 propter
856 4420 907 4482 loo
923 4428 1025 4484 contra
1041 4421 1232 4484 Maccioccam
1244 4423 1360 4486 nitatur
1375 4421 1508 4503 Tromby,
1525 4421 1602 4486 nlla

191 4535 292 4588 nostra
301 4527 872 4610 sententioprosicit.1taoatemrcpaitur
881 4549 891 4586 :
901 4528 1297 4592 eonflrmmtasalunlvarsa
1308 4529 1473 4608 privilegia,
1483 4545 1601 4594 conces·

192 4637 289 4698 nonas
308 4641 339 4696 et
355 4637 504 4700 llbmtatcs
522 4654 580 4715 que
600 4637 642 4698 lbi
658 4643 720 4698 tam
733 4653 752 4698 a
764 4638 871 4698 comite
882 4637 1020 4714 sagano,
1042 4635 1160 4715 regibus
1177 4634 1275 4696 Slcilla
1287 4636 1428 4714 Rogana,
1443 4635 1602 4700 Guillalmo

194 4745 289 4818 prlmo
306 4749 336 4806 et
353 4743 482 4807 mundo
495 4751 525 4807 et
541 4741 693 4810 vasallo
706 4746 753 4825 ple
765 4747 908 4806 momoria
925 4748 955 4806 at
974 4749 1100 4823 augusto
1119 4743 1239 4804 domim
1257 4743 1433 4821 tmperatcra
1452 4744 1558 4808 Emlcc
1571 4753 1602 4810 st
