4324 5912
658 588 783 650 44444444
808 585 1154 648 nocdllltllvoauni.
1556 585 1613 648 981

198 795 335 919 Q

518 948 532 954 -
624 924 725 996 nibus,
736 921 877 1000 grangiis,
890 919 1133 998 possessionibus,
1144 918 1340 998 omnibusque
1351 916 1439 980 bonis
1451 917 1489 978 66
1502 922 1617 979 caetero

623 1025 799 1082 conservant
811 1023 841 1078 et
853 1023 1075 1080 manuteneant.
1556 1023 1613 1076 4644

205 1125 325 1180 44666.
375 1118 544 1198 [Trapanl.]
583 1149 623 1164 -
643 1117 692 1180 Ad
713 1117 887 1193 petitionem
906 1115 1061 1176 Willielml
1080 1113 1196 1175 abbatis
1219 1113 1466 1192 MonnsneJorls,
1483 1112 1618 1174 Willlel-

623 1230 706 1276 mnm
720 1213 758 1274 de
771 1211 914 1286 Sabrauc,
930 1213 1068 1274 comitam
1079 1211 1289 1290 Forcalquerii,
1304 1213 1336 1272 in
1350 1210 1535 1272 iniastatione
1547 1227 1615 1272 mc-

622 1311 743 1372 nasterii
757 1311 936 1388 pertinacem
950 1310 1148 1386 proscriptum
1169 1308 1341 1382 denuntiet,
1364 1313 1395 1368 et
1413 1307 1550 1384 praelatis
1568 1305 1618 1367 bic

622 1409 783 1468 nominatis
796 1407 918 1468 mandat
930 1412 965 1467 ut
978 1422 1047 1468 eum
1061 1421 1080 1466 a
1094 1407 1305 1484 proscriptione
1316 1422 1377 1466 nou
1391 1405 1509 1467 solvant
1522 1405 1617 1466 donec

624 1505 714 1584 digua
727 1504 909 1566 satlsiecerlt.
1557 1513 1617 1566 464

199 1598 334 1662 decemb.
384 1597 535 1661 Panormi.
585 1635 623 1649 -
644 1602 693 1664 Ad
714 1602 958 1680 supplicationem
972 1601 1087 1680 Pagani
1105 1601 1143 1662 66
1156 1602 1271 1664 Parisio
1289 1603 1341 1680 qni
1356 1600 1457 1662 abbati
1476 1601 1618 1664 Facundo

625 1703 656 1762 in
670 1700 790 1762 abbatia
802 1699 927 1762 Sanctae
939 1699 1052 1761 blaviae
1065 1700 1104 1761 de
1116 1699 1222 1761 Latina
1236 1706 1426 1775 successerat,
1431 1701 1587 1780 privilegia
1599 1717 1618 1761 a

624 1797 898 1874 praedecessoribus
918 1799 980 1860 6646
1002 1813 1069 1876 rego
1093 1798 1220 1875 Rogario
1241 1804 1272 1859 et
1292 1799 1467 1876 imperatore
1488 1799 1617 1860 llenrico

625 1895 721 1957 cidem
734 1896 874 1958 66616666
885 1895 1002 1956 indulta
1015 1893 1182 1956 confirmat.
1558 1905 1616 1958 466

200 1989 324 2052 decemb
325 2027 569 2052 ········
584 2024 626 2038 -
644 1993 825 2055 blenasterio
848 1992 953 2054 Fontis
971 1991 1109 2054 Laurenti
1131 1991 1246 2054 ordinis
1266 1991 1415 2056 Plcrcnsls
1437 1995 1469 2054 ln
1491 1993 1617 2055 dioecesi

207 2147 319 2228 ¹225
625 2091 795 2169 'l'ropeicnei
808 2089 963 2170 privilegia
974 2090 1072 2151 deuuo
1089 2087 1255 2151 conilrmat.
1556 2097 1613 2152 467

195 2259 334 2366 Ῑιῖ6ἷ
378 2288 414 2350 46
424 2291 544 2352 64644646
584 2313 625 2330 -
643 2282 754 2361 aegas
766 2281 895 2360 capellae
911 2283 1015 2360 palatii
1032 2269 1233 2345 Panormitam
1252 2281 1409 2344 ccniirmat
1430 2284 1616 2363 privilegium

385 2367 535 2434 Panormi.
624 2380 745 2458 ltcgerii
757 2381 835 2459 regis
847 2381 885 2442 do
898 2381 1132 2458 praebendarum
1149 2379 1326 2454 redditibus,
1341 2384 1426 2460 cujus
1439 2388 1524 2443 tenor
1535 2383 1615 2444 insc-

249 2477 256 2488 ’
623 2479 710 2552 atur,
725 2483 756 2538 64
770 2479 830 2540 6446
843 2479 988 2557 quaedam
1001 2479 1154 2557 privilegia
1167 2484 1198 2539 et
1210 2477 1383 2540 oblationes.
1558 2489 1614 2542 467

220 2585 238 2638 a
247 2579 314 2656 jan.
383 2579 535 2646 Panormi,
584 2605 625 2619 -
645 2573 753 2634 Omnia
766 2574 920 2652 privilegia
940 2576 1036 2652 regiae
1049 2573 1179 2650 capellae
1197 2573 1300 2650 palatii
1315 2574 1520 2636 Panormitam
1539 2591 1618 2636 con-

623 2669 724 2732 firmat
743 2677 774 2732 64
793 2677 1025 2751 transgressores
1045 2671 1102 2732 sub
1124 2671 1311 2732 anathemate
1333 2679 1464 2745 coercet,
1480 2673 1618 2736 omnibns

624 2767 801 2830 6466464666
819 2769 1001 2846 praecipiens
1013 2784 1051 2829 66
1064 2770 1097 2828 46
1114 2767 1313 2838 libertatibus,
1329 2767 1508 2842 honoribus,
1530 2769 1618 2833 bonis

624 2865 729 2927 usibus
743 2870 774 2926 64
786 2865 954 2944 approbatis
970 2865 1233 2928 comuetudlnibus
1246 2872 1370 2944 gravent
1382 2868 1538 2928 canonicos
1551 2869 1618 2930 cla-

623 2967 848 3046 ricceeJusdem
861 2967 1001 3044 capellae.
1440 2977 1495 3028 474
1513 2975 1614 3030 64474

204 3071 324 3132 martio.
384 3073 534 3137 Panormi,
583 3098 623 3112 -
643 3065 692 3126 Ad
706 3063 949 3142 supplicationem
963 3064 1062 3126 Amici
1071 3065 1275 3126 aurasicensis
1288 3066 1426 3142 episcopi,
1435 3067 1568 3128 concedit
1581 3076 1616 3128 ut

623 3164 744 3224 cuilibet
764 3163 852 3224 liceat
871 3162 952 3223 bona
972 3161 1115 3238 vendere,
1134 3161 1244 3223 donare
1256 3167 1287 3222 et
1298 3163 1331 3223 in
1343 3163 1449 3224 ultima
1462 3165 1616 3226 voluntate

623 3263 789 3338 relinquere
802 3260 1057 3322 acclesiaeeldem.
1556 3271 1613 3324 474

204 3363 323 3423 martio.
349 3365 385 3427 ln
399 3366 476 3428 urbe
490 3366 567 3429 464464
581 3393 622 3408 -
640 3361 768 3421 4666664
785 3359 972 3438 privilegium
986 3357 1128 3420 Fridericl
1140 3359 1156 3420 l
1169 3359 1218 3420 avi
1239 3359 1286 3420 664
1304 3357 1522 3438 archiepiscopo
1535 3359 1612 3422 Are·

384 3449 536 3510 Pillilml·
622 3458 727 3520 latensi
745 3455 1144 3535 eoncessum‚qu01ubetur
1166 3473 1205 3517 ne
1225 3457 1395 3534 capellanus
1416 3464 1470 3518 aut
1491 3457 1615 3520 clericus

620 3555 729 3634 abnuis
742 3555 881 3617 acclesiae
895 3555 1029 3632 ejusdem
1047 3555 1203 3616 exactione
1222 3561 1374 3634 gravetur,
1394 3555 1542 3634 daturque
1554 3557 1615 3617 do-

621 3655 748 3714 minium
761 3653 793 3712 iu
804 3651 926 3712 ludaeis
936 3653 1087 3712 civitatem
1098 3651 1303 3716 Arelatensem
1315 3651 1530 3714 habitantibus.
1555 3662 1612 3715 474

204 3743 324 3804 martio.
348 3749 383 3810 ln
400 3747 475 3810 urbe
491 3747 568 3812 iellcl
582 3782 623 3794 -
641 3751 778 3812 44666664
796 3749 1014 3826 archiepiscopo
1034 3747 1198 3810 Arelatensi
1217 3750 1406 3829 privilegium
1424 3766 1504 3811 anuo
1525 3759 1615 3826 4444,

383 3830 532 3891 ΡΜΟΜῙ·
623 3855 659 3908 44
675 3845 860 3920 novembris,
875 3849 1001 3925 aseipso
1017 3847 1184 3922 indultum,
1203 3863 1264 3926 quo
1281 3850 1308 3909 el
1328 3845 1485 3910 confirmat
1507 3849 1618 3928 regalia

621 3949 713 4008 464466
726 3946 882 4020 646666646,
900 3946 996 4022 ipsam
1013 3946 1163 4005 civitatem
1180 3943 1381 4006 arelatensem
1398 3961 1453 4023 pro
1472 3945 1612 4022 indiviso,

621 4041 739 4120 plenam
750 4040 985 4118 jurisdictionem
997 4041 1115 4118 dieque
1126 4039 1238 4102 ibidem
1251 4056 1403 4118 expressa.
1556 4050 1613 4104 476

202 4144 322 4204 martio.
382 4150 532 4212 Panormi.
583 4169 622 4184 -
642 4139 784 4200 Concedit
803 4145 839 4199 ut
861 4137 982 4200 cuilibet
1002 4138 1089 4200 446664
1107 4137 1186 4200 bonu
1208 4139 1299 4220 dare,
1321 4139 1431 4201 donare
1453 4147 1484 4202 et
1505 4142 1538 4202 iu
1561 4143 1617 4203 ul-

622 4239 697 4299 tima
715 4238 869 4300 voluntate
885 4237 1052 4316 relinquere
1068 4235 1289 4318 archiepiscopo
1306 4243 1337 4298 64
1355 4238 1494 4302 ecclcsiae
1510 4239 1616 4302 Arela-

622 4336 709 4396 46664.
1556 4347 1615 4400 476

195 4441 231 4496 44
244 4439 333 4496 mart.
384 4437 533 4498 Panormi.
582 4465 623 4480 -
643 4432 751 4495 Scribit
770 4433 890 4511 llugoni
908 4433 1128 4512 archiepiscopo
1146 4433 1326 4514 Arelatensi,
1341 4433 1480 4497 inhibens
1497 4451 1535 4496 ue
1551 4438 1616 4498 sine

622 4534 741 4596 licentia
754 4550 812 4596 666
824 4538 954 4596 66647666
967 4533 1084 4595 Salonis
1096 4533 1176 4612 quod
1190 4533 1229 4596 ab
1242 4535 1364 4612 imperio
1375 4540 1456 4596 tenet
1469 4537 1614 4612 alienare,

623 4637 804 4694 commutare
814 4637 867 4693 664
879 4633 939 4693 6446
953 4648 1073 4710 quoquo
1085 4631 1175 4693 modo
1187 4629 1318 4694 66646666
1331 4639 1509 4710 praesumat
1555 4643 1613 4696 476

195 4733 333 4791 aincurt.
384 4729 533 4793 Panormi.
583 4763 623 4777 -
642 4729 820 4810 ltaymundo
848 4731 950 4791 comiti
976 4729 1122 4792 Tolosano
1145 4729 1269 4792 mandat
1290 4735 1326 4792 ut
1348 4747 1553 4812 quaecumque
1575 4749 1615 4793 ex
