4326 5910
213 617 310 679 isnrtr.
329 611 391 694 12]
659 605 856 672 HISTORIA
879 601 1171 672 nirtontiico.
1567 611 1625 679 'l'll

294 771 413 850 (inedit.
428 787 468 834 ex
480 771 616 851 originali
628 773 660 832 in
673 769 756 833 ereb.
770 767 944 844 Dresdensi,
959 767 1039 830 uude
1052 767 1161 848 pendet
1173 767 1303 848 sigilium
1316 769 1458 851 uersum)

264 962 304 1034 ln
333 959 473 1036 nomine
499 965 617 1032 saneto
643 965 678 1031 et
704 954 890 1030 individue
920 953 1106 1028 Trinitatis.
1139 953 1307 1028 ilenrious
1337 954 1458 1032 divino
1487 959 1626 1036 fovente

217 1086 326 1182 gretie
342 1086 574 1160 Romanorum
592 1104 657 1156 rex
673 1092 709 1156 et
723 1103 859 1178 semper
872 1089 1054 1176 augustus,
1070 1080 1233 1154 omuibus
1252 1079 1413 1154 fidelibus
1426 1082 1463 1155 in
1476 1083 1622 1160 Christo.

218 1208 344 1282 Notum
380 1228 457 1282 esse
489 1205 653 1279 volumus
685 1203 848 1277 omnibus
876 1211 948 1276 tam
974 1202 1189 1300 presentibus
1219 1224 1325 1298 quom
1358 1204 1502 1298 futuris,
1531 1207 1627 1301 quod

219 1329 399 1404 Swiirerus
416 1339 451 1404 et
467 1327 649 1404 Conradus
665 1329 786 1402 iratres
802 1327 847 1402 de
859 1327 1057 1416 linibusen,
1072 1325 1313 1400 ministeriales
1327 1327 1476 1424 imperii,
1491 1329 1628 1404 molen-

221 1455 342 1528 dinum
364 1452 545 1550 quoddam
567 1453 605 1525 in
621 1451 784 1526 Burriebe
803 1451 900 1546 quod
917 1473 939 1524 a
956 1449 1056 1524 uobis
1079 1451 1158 1544 jure
1180 1451 1363 1548 possiderit
1384 1447 1457 1548 (eie)
1482 1453 1625 1546 feodali,

221 1579 266 1654 de
286 1601 458 1654 eonsensu
480 1588 516 1654 61
539 1579 717 1652 voluntate
745 1586 860 1652 nostra
888 1577 1077 1650 venerabili
1106 1577 1292 1650 eonventui
1319 1575 1365 1652 de
1388 1578 1629 1654 Volooiderotb

219 1715 422 1802 perpetuam
443 1703 724 1779 oontrediderunt
740 1703 777 1776 in
794 1701 1038 1792 hereditatem
1055 1701 1133 1774 16116
1145 1703 1237 1798 pacti
1257 1701 1454 1778 conditione
1473 1704 1629 1801 interpo-

220 1829 286 1904 sita
302 1839 475 1926 quabnus
492 1837 679 1904 memorate
696 1827 840 1902 ecelesia
857 1826 1003 1923 singulie
1018 1827 1118 1900 annis
1134 1826 1216 1901 inde
1237 1827 1349 1904 solvat
1367 1827 1456 1902 duos
1480 1849 1628 1922 mareas,

221 1975 292 2028 non
309 1956 423 2030 solum
445 1956 587 2052 prefatis
602 1955 771 2028 militibus
785 1955 843 2028 vel
860 1953 1047 2028 heredibus
1064 1953 1235 2049 ipsorum,
1253 1951 1317 2026 sed
1334 1953 1438 2028 etiem
1458 1953 1526 2026 biis
1544 1955 1630 2050 qui-

222 2100 374 2176 cumque
392 2079 438 2154 de
458 2101 565 2154 manu
586 2089 703 2154 nostra
718 2087 780 2160 out
800 2077 846 2153 de
860 2078 996 2152 illorum
1014 2077 1174 2152 menibus
1190 2077 1225 2150 iu
1242 2077 1343 2152 ieodo
1359 2078 1574 2174 possederint
1593 2081 1630 2154 iu

222 2205 396 2296 futurum
421 2205 470 2280 ita
486 2215 525 2279 ut
544 2205 632 2280 uuili
656 2206 772 2302 ipsum
796 2225 938 2278 censum
954 2204 1056 2278 iieeet
1072 2223 1201 2299 augere
1217 2211 1279 2278 eut
1295 2203 1495 2300 petitionem
1520 2205 1633 2280 faeere

224 2331 281 2405 vei
305 2329 441 2426 aliquid
466 2331 609 2426 exigere
631 2351 736 2426 supra
760 2329 798 2404 id
825 2329 921 2424 quod
946 2328 1267 2404 nostraauctoritate
1294 2328 1494 2424 simpliciter
1516 2330 1633 2404 statuit
1700 2321 1703 2328 ’

224 2454 505 2550 persolvendum.
527 2457 571 2530 Ut
588 2455 695 2548 igitur
712 2454 778 2528 beo
800 2475 871 2549 que
893 2453 1078 2528 statuimus
1099 2453 1303 2528 inoonvuisu
1326 2461 1361 2527 et
1383 2452 1482 2528 firma
1499 2475 1634 2550 perma-

225 2587 348 2672 neant,
369 2588 563 2676 presentem
581 2579 744 2676 peginam
766 2578 870 2672 sigilli
892 2578 1000 2652 nostri
1022 2579 1246 2674 impressione
1261 2587 1296 2654 et
1310 2577 1466 2654 bdelium
1479 2578 1634 2654 virorum

227 2703 445 2780 decrevimus
466 2704 662 2780 testimonio
678 2703 851 2778 roborare.

274 2831 392 2904 Testes
414 2839 496 2904 sunt
517 2851 633 2904 eomes
651 2831 857 2922 Heruestus,
881 2825 1085 2902 Tbiderious
1110 2829 1221 2903 Rufus
1247 2826 1293 2902 de
1319 2827 1633 2922 Helmboldesdori,

228 2953 394 3028 ilenrious
419 2955 540 3048 Sturb,
564 2957 666 3049 Hugo
688 2953 733 3028 de
752 2951 924 3048 Wiirode,
949 2952 1129 3030 Cunredus
1148 2952 1193 3028 de
1209 2951 1395 3046 Wideuse,
1421 2955 1638 3030 Hermenuus

229 3077 417 3154 Sebelleviz
433 3088 468 3154 et
484 3077 687 3154 Thiderious
705 3081 808 3154 irater
824 3080 913 3172 ejus,
932 3077 1135 3154 Tbiderieus
1149 3077 1371 3172 camerarius,
1391 3079 1577 3154 Heruestus
1592 3078 1638 3154 de

230 3202 498 3300 liursebinrude
519 3205 688 3280 Henrious
705 3205 864 3280 Soolaris.

284 3744 488 3854 Henrious,
504 3747 764 3831 Romanorum
785 3771 875 3852 rex,
895 3746 1125 3830 monasterio
1142 3744 1367 3830 Ebereoensi
1388 3744 1588 3854 praedium
1605 3755 1643 3828 et
1678 3779 1835 3835 166666,

234 3879 456 3988 parochiam
470 3879 719 3987 Sobwobeoh,
735 3879 908 3989 exemplo
927 3880 986 3966 evi
1000 3879 1059 3964 sui
1072 3879 1222 3965 ilenrioi
1241 3879 1289 3965 VI
1301 3887 1340 3965 et
1355 3877 1475 3990 petris
1489 3879 1548 3963 sui
1561 3877 1643 3961 Fri-
1669 3838 1694 3882 ¹¹
1707 3834 1845 3892 namra.

235 4011 352 4096 deriei
370 4013 403 4097 11
421 4013 714 4124 imperatorum,
730 4013 942 4098 confirmet.

315 4226 403 4305 (ildit-
418 4225 603 4311 inPrieiioo.
619 4237 741 4293 11611111.
756 4229 941 4309 soraee„
958 4237 983 4295 t.
996 4231 1039 4306 11,
1054 4240 1086 4302 1,
1100 4247 1184 4292 num.
1200 4237 1256 4306 ⁴83
1271 4237 1351 4293 -et
1363 4233 1395 4292 in
1408 4229 1538 4292 Mortem.
1551 4229 1641 4308 iloto,

356 4339 381 4396 t.
396 4333 497 4412 111111,
511 4351 578 4412 perr
600 4345 641 4416 1¹,
654 4353 740 4400 uum.
753 4337 903 4412 botrin,
917 4355 949 4418 p.
968 4347 1039 4416 111,
1056 4355 1095 4400 ex
1113 4339 1248 4419 originali
1264 4338 1343 4400 unde
1362 4338 1490 4418 sidilum
1509 4339 1645 4402 nonulbii

357 4439 470 4502 iemunr
482 4443 629 4520 appendet
641 4461 677 4506 ex
692 4443 750 4508 illis
763 4447 864 4508 seritis
877 4445 972 4526 rubri,
982 4445 1085 4506 viridis
1097 4451 1127 4507 61
1138 4446 1211 4507 iinvi
1223 4447 1340 4508 eoloris.
1355 4447 1391 4508 In
1407 4445 1546 4508 omnibus
1559 4449 1646 4524 quasi

358 4553 499 4609 eoneouet
511 4565 579 4612 eum
592 4549 815 4614 oouilrmatioue
827 4554 969 4614 Friderioi
983 4553 1024 4628 11,
1039 4569 1111 4615 unu.
1128 4560 1221 4633 1111,
1236 4561 1274 4614 to
1288 4551 1451 4635 iebruerii.)

288 4733 498 4812 innomine
530 4751 648 4818 661616
677 4754 712 4819 61
742 4745 924 4820 individue
951 4746 1136 4820 Trinitatis.
1168 4747 1349 4822 Heinricus
1380 4749 1549 4846 septimus
1582 4751 1644 4825 Dei
