4466 5914
566 605 628 668 610
1068 610 1283 676 rulunulcl
1308 609 1481 674 suctum
1793 609 1875 690 [An.
1893 608 1981 674 1223.

569 740 642 814 filio
667 763 731 816 suo
750 742 873 816 illustri
896 745 1129 822 Romanorum
1150 749 1243 843 regi,
1261 770 1397 844 semper
1417 753 1583 840 angusto,
1607 767 1648 818 an
1668 743 1885 841 principibus
1900 743 1983 818 Ale-

569 866 710 940 mannis
729 866 787 940 die
810 877 844 940 et
866 869 942 942 loco
965 868 1013 943 ad
1029 871 1096 946 hoc
1120 873 1314 970 specialiter
1331 869 1531 966 assignatis,
1556 869 1647 944 siout
1663 889 1710 942 ex
1725 869 1847 943 litteris
1872 869 1985 966 ipsius

569 987 784 1084 imperatoris
811 991 939 1085 quibus
965 994 1105 1066 vocavit
1136 993 1277 1068 eosdem
1305 993 1484 1068 evidenter
1514 1000 1669 1088 apparat.
1701 993 1804 1066 Porro
1828 1014 1909 1066 cnm
1934 993 1982 1066 ad

568 1114 683 1186 locum
705 1115 899 1190 secundum
919 1120 1132 1215 propositum
1155 1130 1283 1194 statuto
1301 1121 1447 1194 termino
1464 1117 1652 1192 declinaret
1671 1117 1898 1214 transiretque
1915 1140 1984 1214 pa-

567 1237 687 1312 cilicus
709 1262 770 1335 per
792 1241 949 1316 civitates
974 1252 1009 1316 et
1030 1251 1173 1338 stratas,
1191 1245 1321 1318 nemini
1344 1245 1505 1338 injuriam
1526 1244 1676 1317 inferens
1697 1243 1755 1316 vel
1777 1265 1979 1337 gravamen,

567 1373 667 1456 prout
690 1373 759 1437 tam
779 1373 897 1439 sancto
921 1368 1096 1463 proposito
1120 1379 1264 1444 noverat
1286 1369 1423 1465 plenius
1445 1367 1630 1464 expedire,
1652 1366 1767 1442 dictus
1791 1367 1883 1440 lilius
1900 1390 1981 1440 oum

567 1488 783 1584 principibus
800 1490 981 1564 antedictis
995 1516 1016 1566 a
1033 1494 1243 1588 quibusdam
1269 1494 1469 1569 civitatibus
1486 1492 1708 1582 Lombardia,
1729 1491 1893 1565 videlicet
1909 1493 1981 1565 lle-

567 1611 719 1706 diolano,
740 1615 875 1708 Brixia,
896 1616 1053 1710 Mantua,
1078 1619 1229 1710 Verona,
1251 1618 1423 1708 Tarvisio,
1450 1617 1588 1705 Padua,
1606 1616 1786 1708 Vercellis,
1811 1616 1977 1708 Bononia,

568 1738 742 1832 Faventia,
763 1741 935 1814 Placentia
948 1749 983 1814 et
995 1739 1221 1836 Alexandria,
1238 1753 1355 1840 aperte
1372 1743 1437 1816 luit
1454 1751 1489 1816 et
1505 1741 1688 1814 efficaciter
1705 1739 1912 1836 impeditns3
1932 1741 1980 1814 ita

565 1862 660 1956 qnod
679 1863 725 1936 ad
740 1873 871 1960 patrem
885 1865 1005 1938 venire
1022 1887 1091 1940 non
1105 1867 1235 1962 potuit,
1251 1866 1368 1938 sibiet
1387 1865 1460 1938 suis
1476 1864 1622 1938 transitu
1640 1864 1777 1960 penitus
1793 1862 1974 1957 denegato,

564 1985 644 2059 licet
663 1986 826 2062 dominus
853 1990 1039 2086 imperator
1061 1990 1304 2088 indempnitati
1321 1990 1502 2064 civitatum
1521 1989 1673 2086 ipsarum
1699 2009 1824 2061 cavere
1844 1987 1980 2062 offerret

564 2118 600 2182 et
615 2110 800 2208 disponere
823 2135 1092 2210 usquequaqne;
1113 2113 1177 2187 sed
1195 2115 1263 2210 ipsi
1282 2113 1378 2186 cives
1396 2115 1575 2188 cantiones
1592 2112 1794 2207 hujusmodi
1819 2113 1909 2186 inter
1924 2133 1980 2186 oe·

565 2243 654 2310 teras
671 2236 861 2331 exigebant
881 2264 890 2310 ε
913 2236 1077 2313 videlicet
1093 2241 1188 2334 qnod
1207 2239 1375 2335 quamdiu
1401 2239 1477 2335 ipse
1496 2237 1659 2313 dominus
1682 2238 1869 2334 imperator
1891 2243 1980 2310 esset

565 2360 601 2432 in
621 2361 839 2455 Lombardia,
861 2364 1013 2436 lllarchia
1029 2365 1083 2436 vel
1102 2365 1325 2459 Romagnola,
1347 2367 1440 2459 ipsos
1461 2383 1656 2460 supponere
1673 2363 1788 2436 banno
1809 2361 1978 2458 imperiali

564 2506 635 2559 non
653 2496 786 2582 posset,
811 2489 967 2562 volentes
982 2489 1171 2584 astringere
1187 2490 1300 2586 ipsum
1318 2487 1429 2562 lilium
1456 2511 1497 2562 ac
1522 2488 1696 2586 principes
1717 2495 1923 2560 memoratos
1940 2494 1979 2557 ut
2101 2553 2108 2564 .

564 2610 657 2684 mille
679 2621 713 2684 et
735 2611 961 2685 ducentorum
984 2618 1154 2708 equorum
1179 2635 1363 2687 numerum
1381 2637 1451 2688 non
1467 2615 1677 2688 excederent
1697 2613 1745 2686 ad
1768 2611 1977 2706 colloquium

563 2735 758 2829 venientes,
780 2737 945 2811 victualia
960 2760 1101 2834 quoque
1116 2761 1186 2834 que
1203 2739 1366 2814 dominus
1391 2740 1576 2836 imperator
1593 2737 1640 2811 ud
1659 2737 1751 2812 idem
1766 2735 1977 2831 colloquium

563 2859 689 2934 delerri
710 2883 773 2958 pro
797 2861 871 2934 suis
891 2871 926 2934 et
943 2884 1086 2937 suorum
1105 2863 1368 2937 necessitatibus
1390 2863 1538 2937 iaciebat
1557 2861 1751 2960 specialiter
1772 2857 1975 2932 inhibendo.
2066 2895 2069 2902 ·

560 2984 603 3057 Et
626 2985 656 3058 si
683 2987 819 3082 aliquos
842 3007 961 3062 secum
983 2986 1135 3060 habebat
1157 2998 1321 3078 armaten,
1339 2987 1434 3084 ipsos
1459 2987 1504 3062 ud
1521 2986 1659 3085 pmpria
1676 2983 1865 3058 remitteret
1882 2991 1977 3055 ante·

560 3135 666 3207 quam
691 3113 872 3208 adipsum
894 3112 985 3186 lilius
1003 3113 1212 3208 perveniret.
1237 3113 1323 3186 Cum
1349 3115 1456 3208 igitur
1478 3112 1644 3186 indecens
1665 3119 1756 3184 esset
1779 3130 1821 3182 ao
1841 3107 1977 3203 penitus

560 3237 780 3310 inhonestum
801 3237 981 3309 dominum
1005 3237 1243 3334 imperatorem
1268 3239 1380 3312 taliter
1397 3237 1542 3312 coartari
1559 3247 1599 3310 ut
1616 3235 1663 3311 ad
1677 3233 1874 3308 instantiam
1891 3251 1976 3326 qne-

562 3361 751 3434 rulantinm
776 3383 846 3434 non
874 3370 990 3458 posset
1015 3362 1191 3456 justiciam
1221 3385 1402 3454 exercere,
1433 3385 1513 3436 curn
1547 3361 1736 3458 legisdator
1759 3379 1827 3432 non
1853 3355 1978 3431 debeat

563 3484 650 3579 legis
670 3484 876 3558 executione
900 3485 1030 3582 privari
1053 3507 1094 3559 ao
1115 3486 1312 3580 jurisdictio
1330 3487 1456 3562 debeat
1479 3487 1638 3562 comitem
1654 3484 1894 3558 cohercionem
1916 3481 1978 3554 lna·

560 3607 662 3702 bere,
694 3663 946 3684 .......
977 3610 1028 3708 (α)
1050 3633 1168 3707 regem
1188 3611 1410 3704 Alamannia,
1432 3612 1702 3709 Aquilegensem
1727 3607 1975 3706 patriarcham,

561 3733 824 3828 Magundnnm,
858 3737 1126 3830 Treverensam,
1157 3739 1461 3833 Salzebnrgensem
1489 3735 1785 3838 archiepiscopos,
1810 3731 1978 3827 Herbipo-

560 3859 711 3954 lenscm,
733 3859 1075 3956 Babenbergensem,
1092 3862 1433 3952 Helveratadensem,
1448 3861 1707 3952 Putaviensem,
1724 3857 1977 3952 Augustenssm

559 3993 595 4059 et
615 3984 912 4081 Tergestinensem
936 3985 1135 4082 episcopos,
1158 3986 1314 4080 Austris,
1339 3987 1517 4080 Remuria,
1545 3984 1737 4074 Cerinthie,
1765 3979 1918 4056 Meranie
1943 3985 1980 4050 et

559 4109 739 4204 limburgi
763 4109 884 4202 duma,
905 4109 1138 4184 marchionem
1157 4111 1202 4185 ne
1221 4111 1353 4186 annet
1374 4111 1439 4209 (ι),
1457 4133 1499 4185 aa
1521 4087 1607 4185 arios
1628 4107 1762 4182 nouere
1779 4115 1814 4180 et
1829 4105 1977 4178 namne

559 4235 784 4330 quamplures
799 4235 862 4330 qui
882 4257 962 4308 cum
979 4235 1030 4309 eis
1048 4247 1163 4330 erant,
1183 4237 1230 4311 ad
1252 4247 1322 4312 lum
1340 4237 1477 4312 modice
1494 4255 1679 4310 nnmerum
1695 4227 1897 4329 quantitatis
1918 4249 1979 4300 as-

560 4360 665 4456 tringi
676 4359 773 4456 quod
786 4359 907 4434 venire
922 4381 992 4434 non
1007 4372 1149 4457 possem
1167 4362 1213 4436 ad
1225 4362 1437 4458 colloquium
1456 4362 1573 4457 aliqua
1588 4359 1734 4450 ratione,
1751 4354 1818 4428 nisi
1831 4351 1978 4449 quilibet

560 4505 682 4558 eornm
713 4487 877 4579 majorem
903 4495 1035 4583 partem
1064 4487 1201 4584 pmpria
1227 4488 1357 4562 familie
1382 4489 1569 4562 remitteret
1591 4483 1747 4585 predicta
1774 4478 1977 4554 necessitato

600 4643 643 4727 (a)
664 4645 710 4708 Ibl
723 4652 824 4707 antam
841 4646 988 4724 quaedam
1001 4648 1102 4711 deesse
1116 4648 1265 4712 videntur.

510 4801 512 4806 .
604 4751 644 4834 (d)
667 4753 787 4816 Rectius
801 4749 987 4814 chndcclu.
