4466 5914
285 603 464 683 intera]
732 599 1244 666 ursromnnrrnounrrca
1633 599 1695 664 oso
1739 557 1743 572 ’

284 739 520 812 nonobstante
532 735 782 810 consuetudine
792 739 850 814 val
862 749 989 814 statuto
1003 738 1154 813 civitatis
1165 737 1311 828 alicujus
1319 733 1376 806 vel
1385 733 1513 806 loctht
1524 741 1564 805 ut
1575 732 1693 807 debita

283 864 384 959 quies
398 861 540 960 prelatis
557 861 674 935 abbati
688 869 723 935 et
733 864 919 936 conventui
936 886 1006 938 non
1023 867 1212 956 frangatur,
1225 857 1412 933 districtius
1427 857 1639 954 precipimus
1654 867 1694 932 ut

283 1009 305 1059 a
322 987 432 1060 lluvio
446 985 588 1059 Turonis
605 984 679 1057 vivi
697 1007 808 1080 usque
830 985 877 1060 ad
898 987 1013 1060 rivum
1030 984 1196 1060 Messenis
1212 991 1246 1056 et
1262 1005 1284 1055 a
1301 991 1407 1054 strata
1420 979 1564 1056 Claudia
1581 1002 1693 1076 usquo

282 1111 330 1184 ad
346 1111 465 1184 villam
479 1107 688 1184 Maladobati
705 1131 775 1203 que
791 1110 918 1184 dicitur
932 1110 1042 1184 Claria
1058 1110 1148 1182 circa
1164 1109 1278 1204 ipsum
1296 1106 1542 1180 monasterium
1555 1104 1693 1180 edificia

283 1233 329 1308 do
342 1255 435 1308 novo
452 1255 521 1308 non
534 1231 629 1326 liant,
643 1233 836 1307 secundum
847 1235 943 1328 quod
956 1235 1024 1307 sibi
1040 1244 1092 1307 est
1107 1257 1127 1306 a
1142 1230 1329 1305 venerabili
1342 1231 1516 1304 Parmensi
1529 1230 1693 1326 episcopo

283 1357 377 1433 fideli
394 1365 510 1432 nostro
526 1378 728 1430 conoessum
745 1367 780 1431 et
795 1379 816 1430 a
833 1357 924 1431 Sede
936 1357 1131 1454 Apostolica
1144 1355 1395 1431 confirmatum.
1414 1354 1459 1427 Ut
1480 1363 1596 1427 autem
1618 1375 1693 1428 ma·

279 1481 365 1575 ioris
380 1481 550 1557 mercedis
565 1481 603 1553 in
623 1489 741 1555 omma
757 1481 830 1555 vito
852 1483 999 1574 gloriam
1015 1504 1279 1577 consequamur,
1300 1480 1431 1575 prelato
1450 1477 1567 1552 abbati
1581 1487 1616 1551 et
1627 1478 1694 1550 lra-

283 1607 395 1680 tribus
410 1606 484 1680 suis
500 1614 752 1680 sacramentum
775 1607 972 1704 calumpnia
994 1605 1249 1697 condonamus,
1276 1604 1325 1678 ita
1345 1611 1386 1676 ut
1408 1605 1484 1700 ipso
1505 1603 1613 1677 abbas
1636 1601 1694 1676 vel

282 1730 442 1804 monachi
458 1731 514 1804 sui
530 1731 752 1826 personaliter
764 1732 851 1807 illud
866 1755 936 1808 non
952 1741 1120 1830 cogantur
1135 1731 1264 1822 subire,
1285 1729 1348 1804 sed
1363 1751 1426 1826 per
1439 1739 1692 1825 procuratorem

283 1855 319 1927 in
334 1855 448 1928 causis
462 1854 536 1928 suis
552 1855 610 1930 vel
632 1855 805 1930 sindicum
822 1859 1057 1932 constitutum.
1077 1857 1133 1932 Ad
1151 1858 1217 1931 hoo
1234 1855 1420 1930 districtius
1436 1854 1634 1928 inhibemus
1654 1863 1694 1928 ut

283 1979 378 2054 nulla
394 1980 535 2054 omnino
549 2002 694 2076 persona
704 1982 774 2056 alta
787 1985 844 2057 vel
859 1984 1012 2076 humilis,
1024 1981 1254 2056 ecclesiastico
1264 1981 1321 2053 vel
1333 1979 1509 2072 secularis,
1521 1980 1693 2076 prelatum

282 2103 442 2177 abbatem
464 2113 501 2178 et
522 2127 737 2179 successores
759 2127 842 2178 suos
857 2107 916 2179 vel
937 2106 1184 2180 monasterium
1211 2102 1450 2200 supradictum
1474 2102 1511 2174 in
1536 2103 1693 2198 personis

282 2235 343 2301 aut
358 2227 464 2301 rebus
481 2237 599 2302 contra
613 2229 719 2323 hujus
736 2230 974 2326 protectionis,
991 2229 1260 2305 confirmationis
1277 2236 1312 2302 et
1327 2226 1556 2300 concessionis
1578 2235 1692 2302 nostre

282 2358 435 2424 tenorem
461 2352 661 2442 molestare,
680 2352 873 2448 inquietare
897 2375 960 2427 seu
983 2355 1185 2450 perturbare
1209 2359 1401 2450 presumat3
1421 2350 1516 2447 quod
1532 2351 1592 2448 qui
1612 2375 1692 2447 pre·

282 2475 467 2572 sumpserit
481 2497 545 2572 pro
560 2497 650 2572 pena
665 2476 919 2573 qninquaginta
935 2479 1042 2553 libras
1060 2479 1136 2552 aori
1150 2477 1230 2576 puri
1243 2485 1438 2574 oomponat‚
1454 2499 1602 2572 quarum
1620 2500 1695 2551 me·

283 2597 393 2672 dietas
410 2620 547 2673 camere
561 2608 692 2687 nostre,
712 2601 846 2696 reliqua
865 2623 949 2677 vero
962 2603 1075 2700 passis
1090 2602 1251 2696 injuriam
1268 2601 1495 2697 persolvatur.
1516 2599 1573 2675 Ad
1588 2601 1695 2694 huJus

282 2721 400 2817 itaque
414 2724 647 2819 protectionis,
667 2724 947 2820 confirmationis,
966 2727 1195 2802 concessionis
1211 2735 1246 2800 et·
1261 2725 1476 2799 inhibitionis
1492 2733 1608 2799 nostro
1622 2747 1694 2800 me-

281 2847 427 2920 moriam
444 2856 479 2920 et
498 2849 605 2921 robur
618 2859 785 2946 perpetuo
800 2851 1007 2943 valiturum,
1026 2873 1167 2949 presens
1184 2851 1405 2948 privilegium
1427 2849 1503 2926 lieri
1524 2859 1559 2924 et
1579 2850 1692 2945 sigillo

282 2969 496 3044 celsitudinis
511 2980 626 3046 nostre
637 2974 805 3067 jussimus
822 2975 1040 3049 communiri.

328 3095 440 3188 Hujus
463 3105 580 3170 autem
599 3099 649 3171 rei
672 3109 776 3174 testes
799 3111 882 3174 sunt
900 3099 1063 3176 Albertus
1083 3099 1408 3196 Magdeburgensis,
1431 3099 1600 3172 Henricus
1618 3099 1692 3174 Me·

281 3217 492 3294 diolanensis
503 3231 538 3294 et
549 3223 690 3298 Landus
708 3226 861 3320 Reginus
877 3227 1093 3301 venerabiles
1106 3225 1368 3322 archiepiscopi,
1384 3223 1490 3298 Caren
1504 3221 1691 3320 Honesta)

281 3341 536 3436 Cremonensis,
564 3345 726 3422 Albertus
752 3350 957 3444 Brixiensis,
982 3351 1151 3424 Henricos
1177 3351 1404 3441 Mantuanus,
1432 3347 1604 3422 Jordanus
1627 3349 1709 3422 Pas

282 3466 439 3554 duanus,
453 3470 554 3542 Tisus
569 3471 785 3567 Tarvisinus,
803 3475 970 3570 Ugolinus
984 3473 1229 3566 vercellensis,
1248 3473 1398 3546 Iacobus
1420 3473 1641 3548 laurinensis
1657 3483 1693 3548 et

284 3643 326 3662 ..
349 3593 618 3689 ‚Novariensis,
639 3597 811 3674 Iohannes
826 3600 1081 3694 Pergamensis,
1112 3655 1121 3670 .
1145 3654 1154 3672 .
1176 3654 1186 3672 .
1210 3599 1435 3687 vulteranus,
1453 3599 1501 3671 M.
1528 3597 1692 3674 aretinus

282 3722 341 3788 et.
366 3769 375 3787 .
400 3717 620 3794 roselanus
635 3722 806 3820 episcopi,
826 3723 1015 3798 llainaldus
1029 3723 1106 3798 dux
1119 3724 1266 3821 Spoleti,
1291 3724 1339 3797 tt.
1360 3723 1405 3796 de
1424 3723 1574 3818 Guritia,
1598 3726 1691 3799 Hen-

281 3837 373 3912 ricus
395 3849 431 3913 et
452 3843 669 3919 dermannus
688 3846 733 3921 de
754 3848 994 3922 Wolemberch
1016 3858 1051 3923 et
1073 3847 1234 3923 dlbertus
1259 3846 1304 3920 de
1331 3847 1499 3942 Muguilla
1526 3849 1687 3942 comites,

282 3961 449 4037 Ricardus
465 3969 684 4062 camerarius,
703 3979 738 4044 et
751 3971 809 4045 alii
825 3975 1059 4068 quamplures.

328 4088 474 4183 Signum
498 4091 630 4165 domini
650 4093 811 4169 Friderici
834 4096 980 4170 secundi
1003 4098 1067 4172 Dei
1087 4098 1198 4194 gratia
1221 4097 1437 4172 invictissimi
1456 4097 1688 4172 Romanorum

282 4208 508 4308 imperatoris,
528 4237 664 4314 semper
677 4219 832 4312 augusti,
854 4219 1068 4294 Hierusalem
1084 4229 1119 4294 ot
1134 4221 1249 4296 Sicilie
1265 4221 1356 4317 regis
1373 4220 1621 4316 gloriosissimi.

326 4334 414 4410 Acta
438 4347 522 4410 sunt
545 4339 610 4414 heo
632 4363 724 4416 anno
747 4342 921 4418 dominica
943 4343 1187 4420 incarnationis
1208 4346 1424 4438 Mctxxvt,
1448 4366 1567 4420 mense
1587 4345 1685 4440 J'ulii,

280 4458 536 4551 quartodecimo
562 4463 785 4558 indictionis,
812 4468 1003 4564 imperante
1029 4469 1170 4546 domino
1195 4480 1312 4546 nostro
1336 4470 1509 4546 Friderioo
1534 4469 1688 4544 secundo

321 4719 362 4800 (a)
382 4723 466 4788 idem
478 4729 532 4807 qul
543 4729 635 4794 lotlne
647 4731 755 4796 dlcltur
764 4731 957 4800 Romam.
