4326 5910
541 583 603 644 mc
979 633 984 642 .
1070 585 1437 652 vmmmsmmm
1767 588 1947 676 mmmm

540 719 705 802 tationes
723 726 760 800 et
777 717 1061 828 conjunctiones
1084 719 1172 804 fidei
1189 721 1342 807 vinculo
1359 722 1531 806 firmatas
1553 719 1650 806 inire
1667 721 1750 806 sine
1766 747 1950 808 consensu

539 852 888 963 mmmmdmmi

620 1095 747 1168 (Edlder.
764 1093 970 1170 Sunosrrnru,
981 1093 1073 1157 Attal.
1085 1091 1244 1176 diplomat,
1255 1105 1329 1159 tom.
1346 1101 1371 1174 l,
1386 1115 1415 1178 p.
1436 1109 1509 1174 85²,
1523 1109 1557 1160 n·
1572 1108 1685 1161 m.-
1692 1099 1807 1176 Psnrz,
1822 1099 1950 1158 Menum.

658 1201 734 1262 Hbt.
751 1200 862 1277 Germ,
877 1210 901 1264 t.
916 1203 969 1276 IV,
985 1221 1016 1281 p.
1033 1207 1116 1280 ²⁵4.)

587 1416 757 1489 Henricus
769 1417 831 1489 Dei
848 1417 957 1512 gratie
971 1419 1201 1492 Romanorum
1216 1442 1280 1494 rex
1293 1429 1327 1492 et
1344 1441 1480 1516 semper
1496 1429 1684 1514 augustus,
1705 1419 1877 1492 universis
1890 1419 1953 1490 im·

539 1541 624 1638 perii
652 1539 815 1614 fidelibus
839 1553 1032 1638 presentem
1059 1545 1221 1640 paginam
1255 1545 1461 1642 inspecturis
1494 1547 1639 1640 gratiam
1669 1569 1768 1619 suam
1793 1555 1828 1618 et
1852 1566 1953 1618 omne

539 1666 684 1738 bonum.
704 1665 856 1740 Dilectus
876 1665 988 1741 fidelis
1005 1677 1120 1741 noster
1135 1668 1300 1744 Libaldus
1319 1669 1365 1744 de
1384 1670 1571 1744 Balrimont
1587 1693 1651 1744 sua
1669 1671 1768 1745 nobis
1787 1691 1953 1764 conques-

540 1791 634 1864 tione
650 1791 854 1864 monstravit
871 1793 969 1888 qnod
990 1793 1112 1867 vasalli
1133 1804 1168 1867 et
1183 1795 1286 1869 ceteri
1304 1795 1461 1868 homines
1480 1795 1536 1868 sui
1555 1795 1600 1869 de
1614 1795 1766 1869 vallibus
1785 1795 1822 1865 in
1838 1795 1954 1865 Haus-

540 1917 654 2014 pnrgh
679 1919 879 1992 anctoritate
902 1919 1039 2015 pmpria
1064 1920 1235 2016 quasdam
1254 1921 1534 2012 communitates,
1557 1919 1833 2012 constitutiones,
1855 1917 1954 1990 novi·

541 2051 629 2115 tales
655 2050 690 2115 et
719 2043 976 2137 conjunctiones
1006 2044 1147 2117 vinculo
1174 2043 1255 2118 fidei
1281 2043 1425 2118 firmitas
1449 2045 1620 2136 inierunt3
1643 2053 1677 2116 et
1700 2067 1781 2116 cum
1811 2066 1832 2115 a
1859 2043 1955 2115 curia

542 2179 657 2240 nostra
677 2167 850 2259 judicium
875 2167 942 2240 sibi
970 2165 1044 2240 lieri
1073 2169 1228 2266 petiisset
1254 2179 1370 2242 utrum
1392 2169 1458 2242 boc
1483 2169 1585 2243 dictis
1612 2169 1753 2242 vasallis
1775 2176 1810 2240 et
1834 2165 1955 2240 ceteris

543 2291 743 2366 hominibus
764 2293 837 2365 suis
859 2293 935 2367 sine
960 2293 1097 2368 licentia
1120 2305 1156 2368 et
1177 2316 1345 2369 consensu
1369 2295 1501 2368 domini
1524 2295 1578 2368 sui
1603 2295 1736 2385 liceret,
1761 2291 1955 2388 judicatum

544 2417 649 2490 luite
670 2417 886 2512 principibus
906 2427 940 2490 et
957 2418 1145 2490 baronibus
1168 2419 1263 2514 quod
1289 2419 1354 2516 ipsi
1377 2419 1496 2492 vasalli
1519 2427 1554 2491 et
1579 2419 1682 2491 ceteri
1703 2417 1861 2490 homines
1881 2415 1956 2487 sine

544 2560 714 2616 consensu
730 2543 813 2616 dicti
826 2543 961 2618 Libeldi
976 2553 1009 2618 et
1024 2545 1127 2617 ctiam
1146 2543 1278 2640 absque
1301 2553 1417 2616 nostra
1437 2553 1472 2617 et
1493 2543 1627 2640 imperii
1649 2545 1826 2616 voluntate
1844 2541 1957 2614 nullas

543 2669 819 2760 communitates,
835 2671 1109 2758 constitutiones,
1128 2669 1374 2744 conventiones
1390 2679 1425 2743 ct
1445 2671 1616 2743 novitates
1634 2677 1790 2766 poterant
1805 2676 1957 2762 attemp-

544 2801 627 2866 tare.
652 2793 751 2867 Unde
771 2813 834 2867 nos
853 2793 1058 2890 quicquide
1080 2793 1244 2890 predictis
1261 2795 1402 2870 vasallis
1422 2803 1457 2868 ct
1482 2796 1603 2868 ceteris
1628 2794 1826 2867 bominibus
1844 2791 1958 2864 taliter

544 2927 596 2992 est
608 2928 845 3016 attemptatum
859 2929 893 2994 et
903 2919 1067 3016 precipue
1077 2919 1335 3015 conjunctiones
1348 2920 1429 2995 lidci
1441 2921 1698 3018 interpositione
1708 2919 1752 2994 ab
1766 2919 1897 2993 eisdem
1910 2916 1958 2990 de

544 3065 635 3118 novo
655 3041 807 3118 firmatas
828 3045 966 3141 penitus
988 3067 1204 3118 revocamus.
1228 3045 1272 3118 Ut
1289 3055 1404 3120 autem
1428 3047 1596 3120 sententia
1617 3047 1686 3120 late
1703 3069 1724 3118 a
1743 3043 1958 3142 principibus

543 3177 578 3242 et
594 3169 783 3242 baronibus
806 3169 940 3266 imperii
958 3191 1022 3266 pm
1043 3169 1136 3243 dicto
1159 3169 1303 3243 bibaldo
1327 3169 1372 3243 de
1393 3171 1590 3244 Balmmont
1614 3180 1781 3268 perpetua
1806 3167 1959 3264 gaudeat

544 3292 724 3386 firmitate,
741 3304 934 3390 presentem
954 3295 1117 3390 paginam
1131 3293 1262 3368 exinde
1278 3295 1448 3368 conscribi
1466 3305 1501 3369 et
1518 3295 1624 3390 sigilli
1639 3295 1746 3370 nostri
1765 3293 1958 3366 munimine

544 3420 689 3494 lecimus
706 3419 876 3516 insigniri.

592 3545 704 3638 Hujus
720 3547 770 3618 rei
788 3557 892 3620 testes
908 3555 990 3620 sunt
1006 3545 1233 3641 Engelbertus
1249 3545 1473 3639 Coloniensis,
1490 3545 1724 3622 Theodericus
1739 3541 1959 3618 Treverensis

544 3669 810 3768 archiepiscopi,
835 3671 995 3770 Sylridus
1012 3670 1258 3763 lingonensis,
1281 3671 1476 3744 Willelmns
1494 3671 1765 3763 lausannensis,
1787 3667 1959 3742 chricus

545 3795 741 3869 Basiliensis
767 3797 942 3894 episcopi,
974 3798 1075 3892 Ilugo
1101 3797 1210 3869 abbas
1233 3795 1478 3884 bernacensis,
1507 3818 1621 3870 comes
1646 3795 1840 3893 Stephanus
1867 3795 1957 3866 Bur·

545 3920 689 4014 pondis,
709 3923 901 3997 Willelmus
915 3922 1162 4016 Gebennensis,
1179 3921 1345 3997 Girnrdus
1361 3923 1406 3997 de
1418 3923 1537 4022 Dyche
1553 3923 1675 4020 (Dietz)
1694 3923 1850 4006 comites,
1868 3919 1958 3992 Con·

544 4045 652 4122 radus
666 4048 874 4142 burgravius
891 4049 936 4124 de
949 4049 1196 4124 Nnrcmbercb.

594 4175 718 4248 Datum
741 4173 837 4270 apud
857 4177 1019 4270 Bemum,
1035 4197 1127 4250 anno
1147 4175 1256 4271 gratie
1275 4175 1456 4250 millesimo
1469 4175 1645 4270 CCXXlV,
1661 4175 1851 4250 indictione
1866 4171 1958 4254 xm,

545 4299 757 4375 Vkalendas
769 4301 933 4394 januarii.
