<?xml version="1.0" encoding="UTF-8"?>
<!DOCTYPE html PUBLIC "-//W3C//DTD XHTML 1.0 Transitional//EN"
    "http://www.w3.org/TR/xhtml1/DTD/xhtml1-transitional.dtd">
<html xmlns="http://www.w3.org/1999/xhtml" xml:lang="en" lang="en">
 <head>
  <title>
</title>
<meta http-equiv="Content-Type" content="text/html;charset=utf-8" />
  <meta name='ocr-system' content='tesseract 3.04.00' />
  <meta name='ocr-capabilities' content='ocr_page ocr_carea ocr_par ocr_line ocrx_word'/>
</head>
<body>
  <div class='ocr_page' id='page_1' title='image "./historiadiploma04fredgoog_0352.png"; bbox 0 0 4324 5916; ppageno 0'>
   <div class='ocr_carea' id='block_1_1' title="bbox 684 602 1608 674">
    <p class='ocr_par' dir='ltr' id='par_1_1' title="bbox 684 602 1608 674">
     <span class='ocr_line' id='line_1_1' title="bbox 684 602 1608 674; baseline -0.008 -3"><span class='ocrx_word' id='word_1_1' title='bbox 684 608 939 673; x_wconf 69' lang='lat' dir='ltr'>DOCUMEN&#39;M</span> <span class='ocrx_word' id='word_1_2' title='bbox 964 609 1121 674; x_wconf 68' lang='lat' dir='ltr'><strong>subole.</strong></span> <span class='ocrx_word' id='word_1_3' title='bbox 1550 602 1608 664; x_wconf 74' lang='lat'><strong>941</strong></span> 
     </span>
    </p>
   </div>
   <div class='ocr_carea' id='block_1_2' title="bbox 122 742 1619 3696">
    <p class='ocr_par' dir='ltr' id='par_1_2' title="bbox 122 742 1619 3320">
     <span class='ocr_line' id='line_1_2' title="bbox 196 742 1613 842; baseline -0.011 -16"><span class='ocrx_word' id='word_1_4' title='bbox 196 749 385 826; x_wconf 88' lang='lat' dir='ltr'><strong>eminentia</strong></span> <span class='ocrx_word' id='word_1_5' title='bbox 395 747 499 842; x_wconf 85' lang='lat' dir='ltr'><strong>justis</strong></span> <span class='ocrx_word' id='word_1_6' title='bbox 516 745 804 842; x_wconf 84' lang='lat' dir='ltr'><strong>postulationibus</strong></span> <span class='ocrx_word' id='word_1_7' title='bbox 820 743 977 820; x_wconf 87' lang='lat' dir='ltr'><strong>fidelium</strong></span> <span class='ocrx_word' id='word_1_8' title='bbox 994 767 1136 818; x_wconf 89' lang='lat' dir='ltr'><strong>snorum</strong></span> <span class='ocrx_word' id='word_1_9' title='bbox 1154 742 1336 817; x_wconf 89' lang='lat' dir='ltr'><strong>consuevit</strong></span> <span class='ocrx_word' id='word_1_10' title='bbox 1350 761 1452 814; x_wconf 85' lang='lat' dir='ltr'><strong>eures</strong></span> <span class='ocrx_word' id='word_1_11' title='bbox 1469 760 1613 812; x_wconf 86' lang='lat' dir='ltr'><strong>cocom-</strong></span> 
     </span>
     <span class='ocr_line' id='line_1_3' title="bbox 199 868 1614 966; baseline -0.008 -19"><span class='ocrx_word' id='word_1_12' title='bbox 199 873 342 947; x_wconf 85' lang='lat' dir='ltr'><strong>modere</strong></span> <span class='ocrx_word' id='word_1_13' title='bbox 368 871 550 964; x_wconf 86' lang='lat' dir='ltr'><strong>benignas.</strong></span> <span class='ocrx_word' id='word_1_14' title='bbox 578 868 730 963; x_wconf 77' lang='lat' dir='ltr'>Ideoque</span> <span class='ocrx_word' id='word_1_15' title='bbox 759 879 879 942; x_wconf 87' lang='lat' dir='ltr'><strong>noscat</strong></span> <span class='ocrx_word' id='word_1_16' title='bbox 909 877 978 942; x_wconf 89' lang='lat' dir='ltr'><strong>tarn</strong></span> <span class='ocrx_word' id='word_1_17' title='bbox 1007 887 1149 966; x_wconf 84' lang='lat' dir='ltr'>presens</span> <span class='ocrx_word' id='word_1_18' title='bbox 1178 875 1251 939; x_wconf 92' lang='lat' dir='ltr'><strong>etas</strong></span> <span class='ocrx_word' id='word_1_19' title='bbox 1280 887 1385 960; x_wconf 89' lang='lat' dir='ltr'><strong>quarn</strong></span> <span class='ocrx_word' id='word_1_20' title='bbox 1414 883 1614 936; x_wconf 88' lang='lat' dir='ltr'><strong>successura</strong></span> 
     </span>
     <span class='ocr_line' id='line_1_4' title="bbox 200 987 1617 1093; baseline -0.009 -23"><span class='ocrx_word' id='word_1_21' title='bbox 200 997 382 1093; x_wconf 74' lang='lat' dir='ltr'><strong>posteritas</strong></span> <span class='ocrx_word' id='word_1_22' title='bbox 404 993 501 1089; x_wconf 89' lang='lat' dir='ltr'><strong>quod</strong></span> <span class='ocrx_word' id='word_1_23' title='bbox 530 1013 594 1066; x_wconf 91' lang='lat' dir='ltr'><strong>nos</strong></span> <span class='ocrx_word' id='word_1_24' title='bbox 619 992 841 1088; x_wconf 77' lang='lat' dir='ltr'><strong>respicientes</strong></span> <span class='ocrx_word' id='word_1_25' title='bbox 866 1003 901 1066; x_wconf 91' lang='lat' dir='ltr'><strong>et</strong></span> <span class='ocrx_word' id='word_1_26' title='bbox 928 992 1242 1065; x_wconf 75' lang='lat' dir='ltr'><strong>animadvertentes</strong></span> <span class='ocrx_word' id='word_1_27' title='bbox 1264 989 1519 1062; x_wconf 82' lang='lat' dir='ltr'><strong>concessionem</strong></span> <span class='ocrx_word' id='word_1_28' title='bbox 1540 987 1617 1058; x_wconf 92' lang='lat' dir='ltr'><strong>sive</strong></span> 
     </span>
     <span class='ocr_line' id='line_1_5' title="bbox 200 1113 1617 1215; baseline -0.006 -23"><span class='ocrx_word' id='word_1_29' title='bbox 200 1119 452 1215; x_wconf 79' lang='lat' dir='ltr'><strong>indulgentiam</strong></span> <span class='ocrx_word' id='word_1_30' title='bbox 470 1127 505 1191; x_wconf 88' lang='lat' dir='ltr'><strong>et</strong></span> <span class='ocrx_word' id='word_1_31' title='bbox 523 1116 762 1190; x_wconf 84' lang='lat' dir='ltr'><strong>investituram</strong></span> <span class='ocrx_word' id='word_1_32' title='bbox 776 1139 882 1210; x_wconf 86' lang='lat' dir='ltr'><strong>quarn</strong></span> <span class='ocrx_word' id='word_1_33' title='bbox 899 1117 1061 1190; x_wconf 91' lang='lat' dir='ltr'><strong>dominus</strong></span> <span class='ocrx_word' id='word_1_34' title='bbox 1083 1115 1277 1188; x_wconf 89' lang='lat' dir='ltr'><strong>Fridericus</strong></span> <span class='ocrx_word' id='word_1_35' title='bbox 1298 1134 1389 1186; x_wconf 91' lang='lat' dir='ltr'><strong>avus</strong></span> <span class='ocrx_word' id='word_1_36' title='bbox 1404 1121 1520 1186; x_wconf 90' lang='lat' dir='ltr'><strong>noster</strong></span> <span class='ocrx_word' id='word_1_37' title='bbox 1538 1113 1617 1186; x_wconf 88' lang='lat' dir='ltr'><strong>lecit</strong></span> 
     </span>
     <span class='ocr_line' id='line_1_6' title="bbox 201 1236 1616 1330; baseline -0.006 -13"><span class='ocrx_word' id='word_1_38' title='bbox 201 1243 438 1317; x_wconf 90' lang='lat' dir='ltr'><strong>communitati</strong></span> <span class='ocrx_word' id='word_1_39' title='bbox 466 1251 503 1314; x_wconf 90' lang='lat' dir='ltr'><strong>et</strong></span> <span class='ocrx_word' id='word_1_40' title='bbox 532 1241 748 1314; x_wconf 87' lang='lat' dir='ltr'><strong>universitati</strong></span> <span class='ocrx_word' id='word_1_41' title='bbox 778 1239 825 1314; x_wconf 90' lang='lat' dir='ltr'><strong>de</strong></span> <span class='ocrx_word' id='word_1_42' title='bbox 851 1241 997 1314; x_wconf 89' lang='lat' dir='ltr'><strong>Seovolo</strong></span> <span class='ocrx_word' id='word_1_43' title='bbox 1021 1241 1057 1313; x_wconf 92' lang='lat' dir='ltr'><strong>in</strong></span> <span class='ocrx_word' id='word_1_44' title='bbox 1084 1239 1252 1312; x_wconf 87' lang='lat' dir='ltr'><strong>territorio</strong></span> <span class='ocrx_word' id='word_1_45' title='bbox 1276 1238 1439 1309; x_wconf 80' lang='lat' dir='ltr'><strong>brixiano</strong></span> <span class='ocrx_word' id='word_1_46' title='bbox 1457 1236 1522 1330; x_wconf 86' lang='grc'><strong>(1),</strong></span> <span class='ocrx_word' id='word_1_47' title='bbox 1538 1257 1616 1310; x_wconf 90' lang='lat' dir='ltr'><strong>eam</strong></span> 
     </span>
     <span class='ocr_line' id='line_1_7' title="bbox 201 1360 1617 1457; baseline -0.004 -17"><span class='ocrx_word' id='word_1_48' title='bbox 201 1367 457 1440; x_wconf 89' lang='lat' dir='ltr'><strong>concessionem</strong></span> <span class='ocrx_word' id='word_1_49' title='bbox 475 1373 509 1438; x_wconf 91' lang='lat' dir='ltr'><strong>et</strong></span> <span class='ocrx_word' id='word_1_50' title='bbox 527 1364 644 1438; x_wconf 88' lang='lat' dir='ltr'><strong>datam</strong></span> <span class='ocrx_word' id='word_1_51' title='bbox 662 1365 738 1438; x_wconf 89' lang='lat' dir='ltr'><strong>sive</strong></span> <span class='ocrx_word' id='word_1_52' title='bbox 754 1364 1010 1457; x_wconf 87' lang='lat' dir='ltr'><strong>investituram,</strong></span> <span class='ocrx_word' id='word_1_53' title='bbox 1032 1364 1079 1438; x_wconf 84' lang='lat' dir='ltr'><strong>ed</strong></span> <span class='ocrx_word' id='word_1_54' title='bbox 1096 1362 1292 1436; x_wconf 87' lang='lat' dir='ltr'><strong>instantiam</strong></span> <span class='ocrx_word' id='word_1_55' title='bbox 1319 1360 1449 1434; x_wconf 84' lang='lat' dir='ltr'><strong>Alb&#39;erti</strong></span> <span class='ocrx_word' id='word_1_56' title='bbox 1466 1361 1617 1434; x_wconf 88' lang='lat' dir='ltr'><strong>Triden-</strong></span> 
     </span>
     <span class='ocr_line' id='line_1_8' title="bbox 202 1487 1614 1586; baseline -0.005 -22"><span class='ocrx_word' id='word_1_57' title='bbox 202 1493 266 1564; x_wconf 90' lang='lat' dir='ltr'><strong>tini</strong></span> <span class='ocrx_word' id='word_1_58' title='bbox 285 1490 438 1586; x_wconf 80' lang='lat' dir='ltr'><strong>episcopi</strong></span> <span class='ocrx_word' id='word_1_59' title='bbox 454 1491 515 1585; x_wconf 87' lang='lat' dir='ltr'><strong>qni</strong></span> <span class='ocrx_word' id='word_1_60' title='bbox 531 1490 633 1562; x_wconf 89' lang='lat' dir='ltr'><strong>nobis</strong></span> <span class='ocrx_word' id='word_1_61' title='bbox 655 1501 690 1562; x_wconf 86' lang='lat' dir='ltr'><strong>et</strong></span> <span class='ocrx_word' id='word_1_62' title='bbox 713 1489 858 1584; x_wconf 89' lang='lat' dir='ltr'><strong>imperio</strong></span> <span class='ocrx_word' id='word_1_63' title='bbox 883 1488 996 1564; x_wconf 85' lang='lat' dir='ltr'><strong>fidelis</strong></span> <span class='ocrx_word' id='word_1_64' title='bbox 1020 1489 1183 1562; x_wconf 91' lang='lat' dir='ltr'><strong>inventus</strong></span> <span class='ocrx_word' id='word_1_65' title='bbox 1196 1497 1264 1574; x_wconf 90' lang='lat' dir='ltr'><strong>est,</strong></span> <span class='ocrx_word' id='word_1_66' title='bbox 1285 1487 1487 1560; x_wconf 88' lang='lat' dir='ltr'><strong>auctoritate</strong></span> <span class='ocrx_word' id='word_1_67' title='bbox 1504 1487 1614 1582; x_wconf 90' lang='lat' dir='ltr'><strong>impe.-</strong></span> 
     </span>
     <span class='ocr_line' id='line_1_9' title="bbox 201 1611 1617 1708; baseline -0.002 -21"><span class='ocrx_word' id='word_1_68' title='bbox 201 1617 278 1688; x_wconf 87' lang='lat' dir='ltr'><strong>riali</strong></span> <span class='ocrx_word' id='word_1_69' title='bbox 295 1613 555 1705; x_wconf 87' lang='lat' dir='ltr'><strong>confirmamus,</strong></span> <span class='ocrx_word' id='word_1_70' title='bbox 575 1613 834 1686; x_wconf 84' lang='lat' dir='ltr'><strong>concboramns</strong></span> <span class='ocrx_word' id='word_1_71' title='bbox 850 1622 954 1708; x_wconf 83' lang='lat' dir='ltr'><strong>etqua</strong></span> <span class='ocrx_word' id='word_1_72' title='bbox 969 1611 1188 1706; x_wconf 76' lang='lat' dir='ltr'><strong>integerrime</strong></span> <span class='ocrx_word' id='word_1_73' title='bbox 1206 1611 1377 1686; x_wconf 87' lang='lat' dir='ltr'><strong>donemus</strong></span> <span class='ocrx_word' id='word_1_74' title='bbox 1394 1611 1490 1705; x_wconf 93' lang='lat' dir='ltr'><strong>quod</strong></span> <span class='ocrx_word' id='word_1_75' title='bbox 1506 1611 1617 1706; x_wconf 88' lang='lat' dir='ltr'><strong>ipsam</strong></span> 
     </span>
     <span class='ocr_line' id='line_1_10' title="bbox 203 1736 1619 1829; baseline -0.002 -18"><span class='ocrx_word' id='word_1_76' title='bbox 203 1760 423 1812; x_wconf 89' lang='lat' dir='ltr'><strong>communem</strong></span> <span class='ocrx_word' id='word_1_77' title='bbox 441 1747 476 1812; x_wconf 95' lang='lat' dir='ltr'><strong>et</strong></span> <span class='ocrx_word' id='word_1_78' title='bbox 490 1738 750 1810; x_wconf 85' lang='lat' dir='ltr'><strong>universitatem</strong></span> <span class='ocrx_word' id='word_1_79' title='bbox 762 1736 807 1810; x_wconf 91' lang='lat' dir='ltr'><strong>de</strong></span> <span class='ocrx_word' id='word_1_80' title='bbox 823 1739 985 1829; x_wconf 87' lang='lat' dir='ltr'><strong>Soovolo,</strong></span> <span class='ocrx_word' id='word_1_81' title='bbox 1006 1759 1118 1810; x_wconf 90' lang='lat' dir='ltr'><strong>mares</strong></span> <span class='ocrx_word' id='word_1_82' title='bbox 1136 1747 1172 1810; x_wconf 93' lang='lat' dir='ltr'><strong>et</strong></span> <span class='ocrx_word' id='word_1_83' title='bbox 1187 1737 1333 1810; x_wconf 81' lang='lat' dir='ltr'><strong>feminas</strong></span> <span class='ocrx_word' id='word_1_84' title='bbox 1349 1759 1429 1810; x_wconf 90' lang='lat' dir='ltr'><strong>oum</strong></span> <span class='ocrx_word' id='word_1_85' title='bbox 1449 1737 1619 1808; x_wconf 84' lang='lat' dir='ltr'><strong>uxoribus</strong></span> 
     </span>
     <span class='ocr_line' id='line_1_11' title="bbox 204 1861 1617 1958; baseline -0.002 -23"><span class='ocrx_word' id='word_1_86' title='bbox 204 1873 239 1935; x_wconf 91' lang='lat' dir='ltr'><strong>et</strong></span> <span class='ocrx_word' id='word_1_87' title='bbox 255 1862 333 1936; x_wconf 88' lang='lat' dir='ltr'><strong>filiis</strong></span> <span class='ocrx_word' id='word_1_88' title='bbox 351 1885 393 1936; x_wconf 90' lang='lat' dir='ltr'><strong>ac</strong></span> <span class='ocrx_word' id='word_1_89' title='bbox 411 1861 549 1936; x_wconf 87' lang='lat' dir='ltr'><strong>filiabus</strong></span> <span class='ocrx_word' id='word_1_90' title='bbox 563 1862 736 1958; x_wconf 90' lang='lat' dir='ltr'><strong>ipsorum,</strong></span> <span class='ocrx_word' id='word_1_91' title='bbox 752 1862 862 1936; x_wconf 90' lang='lat' dir='ltr'><strong>servis</strong></span> <span class='ocrx_word' id='word_1_92' title='bbox 876 1871 911 1934; x_wconf 88' lang='lat' dir='ltr'><strong>et</strong></span> <span class='ocrx_word' id='word_1_93' title='bbox 924 1861 1056 1934; x_wconf 87' lang='lat' dir='ltr'><strong>ancillis</strong></span> <span class='ocrx_word' id='word_1_94' title='bbox 1069 1862 1159 1952; x_wconf 91' lang='lat' dir='ltr'><strong>suis,</strong></span> <span class='ocrx_word' id='word_1_95' title='bbox 1176 1861 1337 1934; x_wconf 89' lang='lat' dir='ltr'><strong>omnibus</strong></span> <span class='ocrx_word' id='word_1_96' title='bbox 1353 1861 1617 1956; x_wconf 87' lang='lat' dir='ltr'><strong>proprietatibus</strong></span> 
     </span>
     <span class='ocr_line' id='line_1_12' title="bbox 122 1985 1618 2081; baseline -0.001 -23"><span class='ocrx_word' id='word_1_97' title='bbox 122 2074 127 2080; x_wconf 19' lang='grc' dir='ltr'><strong><em>ι</em></strong></span> <span class='ocrx_word' id='word_1_98' title='bbox 203 1996 239 2058; x_wconf 91' lang='lat' dir='ltr'><strong>et</strong></span> <span class='ocrx_word' id='word_1_99' title='bbox 257 1987 457 2059; x_wconf 92' lang='lat' dir='ltr'><strong>substantiis</strong></span> <span class='ocrx_word' id='word_1_100' title='bbox 473 2007 592 2059; x_wconf 90' lang='lat' dir='ltr'><strong>eorum</strong></span> <span class='ocrx_word' id='word_1_101' title='bbox 606 1985 793 2058; x_wconf 91' lang='lat' dir='ltr'><strong>mobilibus</strong></span> <span class='ocrx_word' id='word_1_102' title='bbox 806 1993 843 2058; x_wconf 91' lang='lat' dir='ltr'><strong>et</strong></span> <span class='ocrx_word' id='word_1_103' title='bbox 861 1985 1109 2078; x_wconf 90' lang='lat' dir='ltr'><strong>immobilibus,</strong></span> <span class='ocrx_word' id='word_1_104' title='bbox 1123 1985 1339 2081; x_wconf 88' lang='lat' dir='ltr'><strong>presentibus</strong></span> <span class='ocrx_word' id='word_1_105' title='bbox 1351 1993 1386 2058; x_wconf 91' lang='lat' dir='ltr'><strong>et</strong></span> <span class='ocrx_word' id='word_1_106' title='bbox 1398 1986 1533 2076; x_wconf 80' lang='lat' dir='ltr'><strong>futuris,</strong></span> <span class='ocrx_word' id='word_1_107' title='bbox 1550 1985 1618 2056; x_wconf 94' lang='lat' dir='ltr'><strong>sub</strong></span> 
     </span>
     <span class='ocr_line' id='line_1_13' title="bbox 203 2109 1616 2207; baseline 0 -25"><span class='ocrx_word' id='word_1_108' title='bbox 203 2111 311 2183; x_wconf 89' lang='lat' dir='ltr'><strong>nostri</strong></span> <span class='ocrx_word' id='word_1_109' title='bbox 330 2111 515 2206; x_wconf 89' lang='lat' dir='ltr'><strong>imperialis</strong></span> <span class='ocrx_word' id='word_1_110' title='bbox 533 2111 710 2206; x_wconf 88' lang='lat' dir='ltr'><strong>potestatis</strong></span> <span class='ocrx_word' id='word_1_111' title='bbox 727 2109 801 2207; x_wconf 82' lang='grc'><strong>(111)</strong></span> <span class='ocrx_word' id='word_1_112' title='bbox 814 2131 862 2184; x_wconf 85' lang='lat' dir='ltr'><strong>ex</strong></span> <span class='ocrx_word' id='word_1_113' title='bbox 879 2110 1013 2205; x_wconf 89' lang='lat' dir='ltr'><strong>integro</strong></span> <span class='ocrx_word' id='word_1_114' title='bbox 1035 2111 1070 2182; x_wconf 92' lang='lat' dir='ltr'><strong>in</strong></span> <span class='ocrx_word' id='word_1_115' title='bbox 1094 2120 1298 2206; x_wconf 90' lang='lat' dir='ltr'><strong>perpetuum</strong></span> <span class='ocrx_word' id='word_1_116' title='bbox 1315 2110 1519 2204; x_wconf 89' lang='lat' dir='ltr'><strong>recepimus.</strong></span> <span class='ocrx_word' id='word_1_117' title='bbox 1530 2111 1616 2182; x_wconf 90' lang='lat' dir='ltr'><strong>Pre-</strong></span> 
     </span>
     <span class='ocr_line' id='line_1_14' title="bbox 203 2231 1615 2336; baseline 0.001 -32"><span class='ocrx_word' id='word_1_118' title='bbox 203 2233 352 2328; x_wconf 90' lang='lat' dir='ltr'><strong>oipimus</strong></span> <span class='ocrx_word' id='word_1_119' title='bbox 370 2235 488 2336; x_wconf 81' lang='lat' dir='ltr'><strong>itaquo</strong></span> <span class='ocrx_word' id='word_1_120' title='bbox 509 2243 547 2304; x_wconf 96' lang='lat' dir='ltr'><strong>ut</strong></span> <span class='ocrx_word' id='word_1_121' title='bbox 570 2235 664 2306; x_wconf 86' lang='lat' dir='ltr'><strong>nulla</strong></span> <span class='ocrx_word' id='word_1_122' title='bbox 682 2235 822 2326; x_wconf 87' lang='lat' dir='ltr'><strong>civitas,</strong></span> <span class='ocrx_word' id='word_1_123' title='bbox 844 2235 961 2306; x_wconf 91' lang='lat' dir='ltr'><strong>nullus</strong></span> <span class='ocrx_word' id='word_1_124' title='bbox 979 2233 1179 2332; x_wconf 88' lang='lat' dir='ltr'><strong>episcopus,</strong></span> <span class='ocrx_word' id='word_1_125' title='bbox 1200 2231 1294 2324; x_wconf 89' lang='lat' dir='ltr'><strong>dux,</strong></span> <span class='ocrx_word' id='word_1_126' title='bbox 1313 2231 1480 2323; x_wconf 85' lang='lat' dir='ltr'><strong>marchio,</strong></span> <span class='ocrx_word' id='word_1_127' title='bbox 1501 2253 1615 2306; x_wconf 89' lang='lat' dir='ltr'><strong>comes</strong></span> 
     </span>
     <span class='ocr_line' id='line_1_15' title="bbox 204 2356 1616 2453; baseline 0.002 -25"><span class='ocrx_word' id='word_1_128' title='bbox 204 2377 266 2428; x_wconf 92' lang='lat' dir='ltr'><strong>seu</strong></span> <span class='ocrx_word' id='word_1_129' title='bbox 283 2357 397 2451; x_wconf 83' lang='lat' dir='ltr'><strong>alique</strong></span> <span class='ocrx_word' id='word_1_130' title='bbox 414 2379 559 2453; x_wconf 89' lang='lat' dir='ltr'><strong>persona</strong></span> <span class='ocrx_word' id='word_1_131' title='bbox 580 2357 707 2430; x_wconf 83' lang='lat' dir='ltr'><strong>dictam</strong></span> <span class='ocrx_word' id='word_1_132' title='bbox 726 2379 944 2431; x_wconf 90' lang='lat' dir='ltr'><strong>communem</strong></span> <span class='ocrx_word' id='word_1_133' title='bbox 966 2367 1000 2430; x_wconf 89' lang='lat' dir='ltr'><strong>et</strong></span> <span class='ocrx_word' id='word_1_134' title='bbox 1025 2357 1283 2430; x_wconf 86' lang='lat' dir='ltr'><strong>universitatem</strong></span> <span class='ocrx_word' id='word_1_135' title='bbox 1299 2356 1344 2430; x_wconf 92' lang='lat' dir='ltr'><strong>de</strong></span> <span class='ocrx_word' id='word_1_136' title='bbox 1359 2358 1504 2431; x_wconf 87' lang='lat' dir='ltr'><strong>Scovolo</strong></span> <span class='ocrx_word' id='word_1_137' title='bbox 1520 2359 1555 2430; x_wconf 88' lang='lat' dir='ltr'><strong>in</strong></span> <span class='ocrx_word' id='word_1_138' title='bbox 1573 2381 1616 2432; x_wconf 91' lang='lat' dir='ltr'><strong>eo</strong></span> 
     </span>
     <span class='ocr_line' id='line_1_16' title="bbox 205 2461 1614 2579; baseline 0.003 -29"><span class='ocrx_word' id='word_1_139' title='bbox 205 2480 282 2552; x_wconf 92' lang='lat' dir='ltr'><strong>loco</strong></span> <span class='ocrx_word' id='word_1_140' title='bbox 305 2481 498 2554; x_wconf 88' lang='lat' dir='ltr'><strong>habitantes</strong></span> <span class='ocrx_word' id='word_1_141' title='bbox 522 2461 670 2554; x_wconf 86' lang='lat' dir='ltr'><strong>nuncet</strong></span> <span class='ocrx_word' id='word_1_142' title='bbox 693 2483 730 2554; x_wconf 94' lang='lat' dir='ltr'><strong>in</strong></span> <span class='ocrx_word' id='word_1_143' title='bbox 754 2483 909 2553; x_wconf 85' lang='lat' dir='ltr'><strong>futurum</strong></span> <span class='ocrx_word' id='word_1_144' title='bbox 935 2479 1163 2573; x_wconf 78' lang='lat' dir='ltr'><strong>destringere,</strong></span> <span class='ocrx_word' id='word_1_145' title='bbox 1185 2481 1366 2576; x_wconf 87' lang='lat' dir='ltr'><strong>pignorare</strong></span> <span class='ocrx_word' id='word_1_146' title='bbox 1387 2483 1442 2558; x_wconf 93' lang='lat' dir='ltr'><strong>vel</strong></span> <span class='ocrx_word' id='word_1_147' title='bbox 1461 2485 1614 2579; x_wconf 78' lang='lat' dir='ltr'><strong>calump-</strong></span> 
     </span>
     <span class='ocr_line' id='line_1_17' title="bbox 205 2604 1613 2702; baseline 0.004 -28"><span class='ocrx_word' id='word_1_148' title='bbox 205 2604 293 2676; x_wconf 91' lang='lat' dir='ltr'><strong>niari</strong></span> <span class='ocrx_word' id='word_1_149' title='bbox 311 2615 503 2700; x_wconf 87' lang='lat' dir='ltr'><strong>presumat,</strong></span> <span class='ocrx_word' id='word_1_150' title='bbox 530 2627 595 2680; x_wconf 87' lang='lat' dir='ltr'><strong>nec</strong></span> <span class='ocrx_word' id='word_1_151' title='bbox 620 2605 681 2678; x_wconf 86' lang='lat' dir='ltr'><strong>fiat</strong></span> <span class='ocrx_word' id='word_1_152' title='bbox 698 2606 751 2679; x_wconf 91' lang='lat' dir='ltr'><strong>eis</strong></span> <span class='ocrx_word' id='word_1_153' title='bbox 766 2605 989 2679; x_wconf 89' lang='lat' dir='ltr'><strong>contradictio</strong></span> <span class='ocrx_word' id='word_1_154' title='bbox 1009 2605 1179 2697; x_wconf 90' lang='lat' dir='ltr'><strong>venandi,</strong></span> <span class='ocrx_word' id='word_1_155' title='bbox 1200 2607 1375 2702; x_wconf 90' lang='lat' dir='ltr'><strong>piscandi,</strong></span> <span class='ocrx_word' id='word_1_156' title='bbox 1392 2608 1613 2700; x_wconf 87' lang='lat' dir='ltr'><strong>negotiandi,</strong></span> 
     </span>
     <span class='ocr_line' id='line_1_18' title="bbox 205 2729 1616 2828; baseline 0.002 -27"><span class='ocrx_word' id='word_1_157' title='bbox 205 2731 402 2826; x_wconf 88' lang='lat' dir='ltr'><strong>occupandi</strong></span> <span class='ocrx_word' id='word_1_158' title='bbox 419 2753 481 2828; x_wconf 92' lang='lat' dir='ltr'><strong>per</strong></span> <span class='ocrx_word' id='word_1_159' title='bbox 496 2739 605 2802; x_wconf 87' lang='lat' dir='ltr'><strong>totum</strong></span> <span class='ocrx_word' id='word_1_160' title='bbox 624 2732 739 2803; x_wconf 88' lang='lat' dir='ltr'><strong>lacum</strong></span> <span class='ocrx_word' id='word_1_161' title='bbox 754 2731 949 2822; x_wconf 77' lang='lat' dir='ltr'><strong>benacum,</strong></span> <span class='ocrx_word' id='word_1_162' title='bbox 967 2729 1162 2826; x_wconf 85' lang='lat' dir='ltr'><strong>ripaticum,</strong></span> <span class='ocrx_word' id='word_1_163' title='bbox 1179 2729 1393 2822; x_wconf 89' lang='lat' dir='ltr'><strong>theloneum,</strong></span> <span class='ocrx_word' id='word_1_164' title='bbox 1411 2731 1616 2804; x_wconf 88' lang='lat' dir='ltr'><strong>hostaticum</strong></span> 
     </span>
     <span class='ocr_line' id='line_1_19' title="bbox 205 2853 1615 2951; baseline 0.003 -26"><span class='ocrx_word' id='word_1_165' title='bbox 205 2853 440 2948; x_wconf 84' lang='lat' dir='ltr'><strong>autaliquem</strong></span> <span class='ocrx_word' id='word_1_166' title='bbox 463 2855 637 2949; x_wconf 88' lang='lat' dir='ltr'><strong>publicam</strong></span> <span class='ocrx_word' id='word_1_167' title='bbox 664 2853 874 2928; x_wconf 74' lang='lat' dir='ltr'><strong>functionem</strong></span> <span class='ocrx_word' id='word_1_168' title='bbox 901 2854 946 2926; x_wconf 90' lang='lat' dir='ltr'><strong>ab</strong></span> <span class='ocrx_word' id='word_1_169' title='bbox 975 2853 1026 2926; x_wconf 89' lang='lat' dir='ltr'><strong>eis</strong></span> <span class='ocrx_word' id='word_1_170' title='bbox 1050 2853 1236 2948; x_wconf 88' lang='lat' dir='ltr'><strong>aliquando</strong></span> <span class='ocrx_word' id='word_1_171' title='bbox 1262 2854 1400 2948; x_wconf 87' lang='lat' dir='ltr'><strong>exigat;</strong></span> <span class='ocrx_word' id='word_1_172' title='bbox 1426 2855 1512 2928; x_wconf 88' lang='lat' dir='ltr'><strong>etsi</strong></span> <span class='ocrx_word' id='word_1_173' title='bbox 1535 2856 1615 2951; x_wconf 88' lang='lat' dir='ltr'><strong>quis</strong></span> 
     </span>
     <span class='ocr_line' id='line_1_20' title="bbox 207 2977 1611 3075; baseline 0.003 -27"><span class='ocrx_word' id='word_1_174' title='bbox 207 2985 325 3050; x_wconf 90' lang='lat' dir='ltr'><strong>contra</strong></span> <span class='ocrx_word' id='word_1_175' title='bbox 341 2978 496 3072; x_wconf 87' lang='lat' dir='ltr'><strong>predicta</strong></span> <span class='ocrx_word' id='word_1_176' title='bbox 520 2979 640 3052; x_wconf 91' lang='lat' dir='ltr'><strong>venire</strong></span> <span class='ocrx_word' id='word_1_177' title='bbox 664 2979 899 3074; x_wconf 90' lang='lat' dir='ltr'><strong>temptaverit,</strong></span> <span class='ocrx_word' id='word_1_178' title='bbox 920 2987 1057 3050; x_wconf 90' lang='lat' dir='ltr'><strong>centum</strong></span> <span class='ocrx_word' id='word_1_179' title='bbox 1082 2977 1187 3050; x_wconf 86' lang='lat' dir='ltr'><strong>libras</strong></span> <span class='ocrx_word' id='word_1_180' title='bbox 1206 2979 1294 3074; x_wconf 67' lang='lat' dir='ltr'><strong>⁴puri</strong></span> <span class='ocrx_word' id='word_1_181' title='bbox 1321 2981 1397 3052; x_wconf 92' lang='lat' dir='ltr'><strong>auri</strong></span> <span class='ocrx_word' id='word_1_182' title='bbox 1424 2981 1611 3075; x_wconf 88' lang='lat' dir='ltr'><strong>persolvat,</strong></span> 
     </span>
     <span class='ocr_line' id='line_1_21' title="bbox 207 3098 1615 3198; baseline 0.004 -27"><span class='ocrx_word' id='word_1_183' title='bbox 207 3098 426 3172; x_wconf 85' lang='lat' dir='ltr'><strong>medietatem</strong></span> <span class='ocrx_word' id='word_1_184' title='bbox 453 3123 587 3178; x_wconf 85' lang='lat' dir='ltr'><strong>camere</strong></span> <span class='ocrx_word' id='word_1_185' title='bbox 610 3111 742 3195; x_wconf 89' lang='lat' dir='ltr'><strong>nostre,</strong></span> <span class='ocrx_word' id='word_1_186' title='bbox 764 3103 867 3176; x_wconf 82' lang='lat' dir='ltr'><strong>aliem</strong></span> <span class='ocrx_word' id='word_1_187' title='bbox 884 3101 1102 3176; x_wconf 88' lang='lat' dir='ltr'><strong>medietatem</strong></span> <span class='ocrx_word' id='word_1_188' title='bbox 1121 3101 1281 3194; x_wconf 88' lang='lat' dir='ltr'><strong>injuriam</strong></span> <span class='ocrx_word' id='word_1_189' title='bbox 1301 3104 1424 3198; x_wconf 90' lang='lat' dir='ltr'><strong>passis.</strong></span> <span class='ocrx_word' id='word_1_190' title='bbox 1444 3107 1486 3178; x_wconf 93' lang='lat' dir='ltr'><strong>Ut</strong></span> <span class='ocrx_word' id='word_1_191' title='bbox 1499 3114 1615 3178; x_wconf 86' lang='lat' dir='ltr'><strong>autem</strong></span> 
     </span>
     <span class='ocr_line' id='line_1_22' title="bbox 207 3222 1447 3320; baseline 0.006 -27"><span class='ocrx_word' id='word_1_192' title='bbox 207 3222 273 3295; x_wconf 88' lang='lat' dir='ltr'><strong>bec</strong></span> <span class='ocrx_word' id='word_1_193' title='bbox 296 3245 377 3296; x_wconf 88' lang='lat' dir='ltr'><strong>vera</strong></span> <span class='ocrx_word' id='word_1_194' title='bbox 402 3225 598 3315; x_wconf 91' lang='lat' dir='ltr'><strong>credantur,</strong></span> <span class='ocrx_word' id='word_1_195' title='bbox 619 3226 720 3320; x_wconf 87' lang='lat' dir='ltr'><strong>signo</strong></span> <span class='ocrx_word' id='word_1_196' title='bbox 739 3237 775 3298; x_wconf 90' lang='lat' dir='ltr'><strong>et</strong></span> <span class='ocrx_word' id='word_1_197' title='bbox 792 3226 905 3320; x_wconf 90' lang='lat' dir='ltr'><strong>sigillo</strong></span> <span class='ocrx_word' id='word_1_198' title='bbox 921 3235 1036 3299; x_wconf 90' lang='lat' dir='ltr'><strong>nostro</strong></span> <span class='ocrx_word' id='word_1_199' title='bbox 1049 3226 1215 3318; x_wconf 91' lang='lat' dir='ltr'><strong>jussimus</strong></span> <span class='ocrx_word' id='word_1_200' title='bbox 1229 3229 1447 3320; x_wconf 89' lang='lat' dir='ltr'><strong>communiri.</strong></span> 
     </span>
    </p>

    <p class='ocr_par' dir='ltr' id='par_1_3' title="bbox 207 3346 1616 3696">
     <span class='ocr_line' id='line_1_23' title="bbox 256 3346 1615 3452; baseline 0.007 -35"><span class='ocrx_word' id='word_1_201' title='bbox 256 3347 366 3439; x_wconf 83' lang='lat' dir='ltr'><strong>Hujus</strong></span> <span class='ocrx_word' id='word_1_202' title='bbox 380 3349 430 3420; x_wconf 91' lang='lat' dir='ltr'><strong>rei</strong></span> <span class='ocrx_word' id='word_1_203' title='bbox 444 3357 546 3422; x_wconf 79' lang='lat' dir='ltr'><strong>testes</strong></span> <span class='ocrx_word' id='word_1_204' title='bbox 564 3346 670 3447; x_wconf 90' lang='lat' dir='ltr'><strong>[sunt]</strong></span> <span class='ocrx_word' id='word_1_205' title='bbox 688 3349 847 3423; x_wconf 87' lang='lat' dir='ltr'><strong>Albertus</strong></span> <span class='ocrx_word' id='word_1_206' title='bbox 862 3361 977 3424; x_wconf 87' lang='lat' dir='ltr'><strong>sancte</strong></span> <span class='ocrx_word' id='word_1_207' title='bbox 996 3351 1303 3447; x_wconf 80' lang='lat' dir='ltr'><strong>Magdehurgensis</strong></span> <span class='ocrx_word' id='word_1_208' title='bbox 1318 3349 1486 3452; x_wconf 88' lang='lat' dir='ltr'><strong>[ecclesis]</strong></span> <span class='ocrx_word' id='word_1_209' title='bbox 1502 3353 1615 3426; x_wconf 85' lang='lat' dir='ltr'><strong>archi-</strong></span> 
     </span>
     <span class='ocr_line' id='line_1_24' title="bbox 207 3469 1616 3576; baseline 0.008 -35"><span class='ocrx_word' id='word_1_210' title='bbox 207 3469 407 3566; x_wconf 87' lang='lat' dir='ltr'><strong>episcopus,</strong></span> <span class='ocrx_word' id='word_1_211' title='bbox 429 3473 588 3546; x_wconf 87' lang='lat' dir='ltr'><strong>Albertus</strong></span> <span class='ocrx_word' id='word_1_212' title='bbox 603 3471 824 3546; x_wconf 84' lang='lat' dir='ltr'><strong>Tridentinus</strong></span> <span class='ocrx_word' id='word_1_213' title='bbox 837 3473 1036 3572; x_wconf 86' lang='lat' dir='ltr'><strong>episcopus,</strong></span> <span class='ocrx_word' id='word_1_214' title='bbox 1056 3473 1213 3550; x_wconf 78' lang='lat' dir='ltr'><strong>Andreas</strong></span> <span class='ocrx_word' id='word_1_215' title='bbox 1229 3475 1373 3572; x_wconf 81' lang='lat' dir='ltr'><strong>Alpinus</strong></span> <span class='ocrx_word' id='word_1_216' title='bbox 1389 3476 1456 3576; x_wconf 78' lang='lat'><strong>(2),</strong></span> <span class='ocrx_word' id='word_1_217' title='bbox 1473 3477 1616 3552; x_wconf 89' lang='lat' dir='ltr'><strong>Reinal-</strong></span> 
     </span>
     <span class='ocr_line' id='line_1_25' title="bbox 207 3592 764 3696; baseline 0.009 -30"><span class='ocrx_word' id='word_1_218' title='bbox 207 3592 278 3667; x_wconf 92' lang='lat' dir='ltr'><strong>dus</strong></span> <span class='ocrx_word' id='word_1_219' title='bbox 292 3593 368 3668; x_wconf 86' lang='lat' dir='ltr'><strong>dux</strong></span> <span class='ocrx_word' id='word_1_220' title='bbox 387 3593 556 3696; x_wconf 87' lang='lat' dir='ltr'><strong>[Spoleti],</strong></span> <span class='ocrx_word' id='word_1_221' title='bbox 577 3607 611 3672; x_wconf 91' lang='lat' dir='ltr'><strong>et</strong></span> <span class='ocrx_word' id='word_1_222' title='bbox 627 3599 764 3694; x_wconf 87' lang='lat' dir='ltr'><strong>reliqui.</strong></span> 
     </span>
    </p>
   </div>
   <div class='ocr_carea' id='block_1_3' title="bbox 207 3857 1620 4796">
    <p class='ocr_par' dir='ltr' id='par_1_4' title="bbox 246 3857 1545 3939">
     <span class='ocr_line' id='line_1_26' title="bbox 246 3857 1545 3939; baseline 0.009 -24"><span class='ocrx_word' id='word_1_223' title='bbox 246 3857 283 3932; x_wconf 87' lang='grc'><strong>(1)</strong></span> <span class='ocrx_word' id='word_1_224' title='bbox 302 3859 409 3918; x_wconf 83' lang='lat' dir='ltr'><strong>Scilicet</strong></span> <span class='ocrx_word' id='word_1_225' title='bbox 418 3879 481 3920; x_wconf 86' lang='lat' dir='ltr'><strong>ann.</strong></span> <span class='ocrx_word' id='word_1_226' title='bbox 493 3865 577 3934; x_wconf 81' lang='grc'><strong>1156,</strong></span> <span class='ocrx_word' id='word_1_227' title='bbox 593 3864 688 3937; x_wconf 87' lang='lat' dir='ltr'><strong>quinto</strong></span> <span class='ocrx_word' id='word_1_228' title='bbox 700 3865 760 3923; x_wconf 90' lang='lat' dir='ltr'><strong>idus</strong></span> <span class='ocrx_word' id='word_1_229' title='bbox 767 3866 840 3939; x_wconf 85' lang='lat' dir='ltr'><strong>julii,</strong></span> <span class='ocrx_word' id='word_1_230' title='bbox 849 3865 940 3923; x_wconf 91' lang='lat' dir='ltr'><strong>indict.</strong></span> <span class='ocrx_word' id='word_1_231' title='bbox 952 3866 994 3938; x_wconf 87' lang='lat' dir='ltr'><strong>lv,</strong></span> <span class='ocrx_word' id='word_1_232' title='bbox 1005 3866 1082 3938; x_wconf 84' lang='lat' dir='ltr'><strong>juxta</strong></span> <span class='ocrx_word' id='word_1_233' title='bbox 1091 3867 1235 3924; x_wconf 86' lang='lat' dir='ltr'><strong>Veronam.</strong></span> <span class='ocrx_word' id='word_1_234' title='bbox 1246 3866 1395 3924; x_wconf 89' lang='lat' dir='ltr'><strong>-lbidem</strong></span> <span class='ocrx_word' id='word_1_235' title='bbox 1405 3864 1545 3927; x_wconf 89' lang='lat' dir='ltr'><strong>insertum.</strong></span> 
     </span>
    </p>

    <p class='ocr_par' dir='ltr' id='par_1_5' title="bbox 207 3955 1620 4796">
     <span class='ocr_line' id='line_1_27' title="bbox 243 3955 1619 4040; baseline 0.009 -28"><span class='ocrx_word' id='word_1_236' title='bbox 243 3955 281 4028; x_wconf 75' lang='lat'><strong>(2)</strong></span> <span class='ocrx_word' id='word_1_237' title='bbox 300 3957 339 4014; x_wconf 86' lang='lat' dir='ltr'><strong>De</strong></span> <span class='ocrx_word' id='word_1_238' title='bbox 354 3959 443 4034; x_wconf 90' lang='lat' dir='ltr'><strong>primo</strong></span> <span class='ocrx_word' id='word_1_239' title='bbox 465 3966 616 4035; x_wconf 86' lang='lat' dir='ltr'><strong>teste,·qua</strong></span> <span class='ocrx_word' id='word_1_240' title='bbox 634 3979 715 4022; x_wconf 88' lang='lat' dir='ltr'><strong>causa</strong></span> <span class='ocrx_word' id='word_1_241' title='bbox 739 3978 801 4021; x_wconf 88' lang='lat' dir='ltr'><strong>cum</strong></span> <span class='ocrx_word' id='word_1_242' title='bbox 822 3970 977 4038; x_wconf 88' lang='lat' dir='ltr'><strong>suspectum</strong></span> <span class='ocrx_word' id='word_1_243' title='bbox 997 3963 1159 4036; x_wconf 86' lang='lat' dir='ltr'><strong>babeamus,</strong></span> <span class='ocrx_word' id='word_1_244' title='bbox 1178 3965 1212 4022; x_wconf 83' lang='lat' dir='ltr'><strong>cl.</strong></span> <span class='ocrx_word' id='word_1_245' title='bbox 1227 3981 1309 4040; x_wconf 84' lang='lat' dir='ltr'><strong>supra</strong></span> <span class='ocrx_word' id='word_1_246' title='bbox 1328 3981 1357 4039; x_wconf 93' lang='lat' dir='ltr'><strong>p.</strong></span> <span class='ocrx_word' id='word_1_247' title='bbox 1375 3967 1439 4036; x_wconf 81' lang='lat' dir='ltr'><strong>rte,</strong></span> <span class='ocrx_word' id='word_1_248' title='bbox 1455 3973 1510 4024; x_wconf 90' lang='lat' dir='ltr'><strong>not.</strong></span> <span class='ocrx_word' id='word_1_249' title='bbox 1532 3971 1559 4024; x_wconf 88' lang='lat' dir='ltr'><strong>t.</strong></span> <span class='ocrx_word' id='word_1_250' title='bbox 1579 3967 1619 4024; x_wconf 85' lang='lat' dir='ltr'><strong>lle</strong></span> 
     </span>
     <span class='ocr_line' id='line_1_28' title="bbox 208 4054 1619 4138; baseline 0.008 -29"><span class='ocrx_word' id='word_1_251' title='bbox 208 4054 329 4112; x_wconf 89' lang='lat' dir='ltr'><strong>secundo</strong></span> <span class='ocrx_word' id='word_1_252' title='bbox 342 4061 433 4112; x_wconf 85' lang='lat' dir='ltr'><strong>eutem</strong></span> <span class='ocrx_word' id='word_1_253' title='bbox 446 4056 514 4114; x_wconf 87' lang='lat' dir='ltr'><strong>haec</strong></span> <span class='ocrx_word' id='word_1_254' title='bbox 526 4059 650 4118; x_wconf 87' lang='lat' dir='ltr'><strong>videmus</strong></span> <span class='ocrx_word' id='word_1_255' title='bbox 662 4075 707 4134; x_wconf 86' lang='lat' dir='ltr'><strong>ap.</strong></span> <span class='ocrx_word' id='word_1_256' title='bbox 720 4061 857 4132; x_wconf 76' lang='grc'><strong>11011111,</strong></span> <span class='ocrx_word' id='word_1_257' title='bbox 873 4063 967 4118; x_wconf 79' lang='lat' dir='ltr'><strong>Notis.</strong></span> <span class='ocrx_word' id='word_1_258' title='bbox 980 4062 1058 4118; x_wconf 78' lang='grc'><strong>11101.</strong></span> <span class='ocrx_word' id='word_1_259' title='bbox 1072 4063 1182 4118; x_wconf 77' lang='lat' dir='ltr'><strong>intorno</strong></span> <span class='ocrx_word' id='word_1_260' title='bbox 1198 4062 1234 4118; x_wconf 86' lang='lat' dir='ltr'><strong>od</strong></span> <span class='ocrx_word' id='word_1_261' title='bbox 1247 4063 1398 4138; x_wconf 79' lang='lat' dir='ltr'><strong>Adelpreto,</strong></span> <span class='ocrx_word' id='word_1_262' title='bbox 1407 4069 1460 4120; x_wconf 90' lang='lat' dir='ltr'><strong>etc.</strong></span> <span class='ocrx_word' id='word_1_263' title='bbox 1469 4083 1482 4118; x_wconf 78' lang='grc'><strong>1</strong></span> <span class='ocrx_word' id='word_1_264' title='bbox 1491 4061 1560 4120; x_wconf 83' lang='lat' dir='ltr'><strong>Nell&#39;</strong></span> <span class='ocrx_word' id='word_1_265' title='bbox 1570 4079 1619 4122; x_wconf 87' lang='lat' dir='ltr'><strong>an·</strong></span> 
     </span>
     <span class='ocr_line' id='line_1_29' title="bbox 210 4151 1620 4234; baseline 0.013 -32"><span class='ocrx_word' id='word_1_266' title='bbox 210 4169 225 4202; x_wconf 80' lang='grc'><strong>0</strong></span> <span class='ocrx_word' id='word_1_267' title='bbox 241 4151 381 4210; x_wconf 85' lang='lat' dir='ltr'><strong>notazione</strong></span> <span class='ocrx_word' id='word_1_268' title='bbox 394 4153 463 4210; x_wconf 92' lang='lat' dir='ltr'><strong>della</strong></span> <span class='ocrx_word' id='word_1_269' title='bbox 481 4169 594 4214; x_wconf 84' lang='lat' dir='ltr'><strong>cronaca</strong></span> <span class='ocrx_word' id='word_1_270' title='bbox 607 4156 650 4214; x_wconf 90' lang='lat' dir='ltr'><strong>del</strong></span> <span class='ocrx_word' id='word_1_271' title='bbox 664 4157 801 4227; x_wconf 83' lang='grc'><strong>00111010,</strong></span> <span class='ocrx_word' id='word_1_272' title='bbox 816 4175 845 4232; x_wconf 88' lang='lat' dir='ltr'><strong>p.</strong></span> <span class='ocrx_word' id='word_1_273' title='bbox 858 4161 907 4217; x_wconf 79' lang='grc'><strong>251</strong></span> <span class='ocrx_word' id='word_1_274' title='bbox 925 4153 1042 4234; x_wconf 82' lang='lat' dir='ltr'><strong>eseqq.,</strong></span> <span class='ocrx_word' id='word_1_275' title='bbox 1057 4159 1081 4218; x_wconf 90' lang='lat' dir='ltr'><strong>si</strong></span> <span class='ocrx_word' id='word_1_276' title='bbox 1092 4165 1217 4234; x_wconf 86' lang='lat' dir='ltr'><strong>rapporta</strong></span> <span class='ocrx_word' id='word_1_277' title='bbox 1231 4177 1266 4216; x_wconf 92' lang='lat' dir='ltr'><strong>un</strong></span> <span class='ocrx_word' id='word_1_278' title='bbox 1280 4161 1419 4234; x_wconf 83' lang='lat' dir='ltr'><strong>privilegio</strong></span> <span class='ocrx_word' id='word_1_279' title='bbox 1432 4160 1571 4218; x_wconf 82' lang='lat' dir='ltr'><strong>accordato</strong></span> <span class='ocrx_word' id='word_1_280' title='bbox 1583 4161 1620 4220; x_wconf 89' lang='lat' dir='ltr'><strong>da</strong></span> 
     </span>
     <span class='ocr_line' id='line_1_30' title="bbox 209 4249 1618 4330; baseline 0.011 -30"><span class='ocrx_word' id='word_1_281' title='bbox 209 4266 224 4300; x_wconf 79' lang='grc'><strong>1</strong></span> <span class='ocrx_word' id='word_1_282' title='bbox 240 4249 369 4321; x_wconf 82' lang='lat' dir='ltr'><strong>Faderigo</strong></span> <span class='ocrx_word' id='word_1_283' title='bbox 383 4251 406 4306; x_wconf 97' lang='lat' dir='ltr'><strong>ll</strong></span> <span class='ocrx_word' id='word_1_284' title='bbox 420 4253 579 4326; x_wconf 88' lang='lat' dir='ltr'><strong>imperatore</strong></span> <span class='ocrx_word' id='word_1_285' title='bbox 598 4270 615 4312; x_wconf 88' lang='lat' dir='ltr'><strong>a</strong></span> <span class='ocrx_word' id='word_1_286' title='bbox 636 4255 756 4312; x_wconf 83' lang='lat' dir='ltr'><strong>Biemino</strong></span> <span class='ocrx_word' id='word_1_287' title='bbox 774 4256 809 4312; x_wconf 93' lang='lat' dir='ltr'><strong>da</strong></span> <span class='ocrx_word' id='word_1_288' title='bbox 827 4257 955 4314; x_wconf 84' lang='lat' dir='ltr'><strong>blanerba</strong></span> <span class='ocrx_word' id='word_1_289' title='bbox 976 4257 1103 4314; x_wconf 86' lang='lat' dir='ltr'><strong>cittsdino</strong></span> <span class='ocrx_word' id='word_1_290' title='bbox 1118 4258 1269 4329; x_wconf 85' lang='lat' dir='ltr'><strong>bresciane,</strong></span> <span class='ocrx_word' id='word_1_291' title='bbox 1286 4259 1346 4315; x_wconf 92' lang='lat' dir='ltr'><strong>nell’</strong></span> <span class='ocrx_word' id='word_1_292' title='bbox 1360 4263 1522 4330; x_wconf 75' lang='grc'><strong>01101211,</strong></span> <span class='ocrx_word' id='word_1_293' title='bbox 1536 4259 1618 4316; x_wconf 90' lang='lat' dir='ltr'><strong>incui</strong></span> 
     </span>
     <span class='ocr_line' id='line_1_31' title="bbox 210 4351 1619 4428; baseline 0.01 -28"><span class='ocrx_word' id='word_1_294' title='bbox 210 4365 224 4399; x_wconf 81' lang='lat' dir='ltr'><strong>n</strong></span> <span class='ocrx_word' id='word_1_295' title='bbox 239 4353 336 4420; x_wconf 87' lang='lat' dir='ltr'><strong>questo</strong></span> <span class='ocrx_word' id='word_1_296' title='bbox 356 4355 448 4407; x_wconf 89' lang='lat' dir='ltr'><strong>nostro</strong></span> <span class='ocrx_word' id='word_1_297' title='bbox 467 4365 581 4408; x_wconf 87' lang='lat' dir='ltr'><strong>vescovo</strong></span> <span class='ocrx_word' id='word_1_298' title='bbox 602 4351 665 4409; x_wconf 91' lang='lat' dir='ltr'><strong>vien</strong></span> <span class='ocrx_word' id='word_1_299' title='bbox 679 4352 811 4427; x_wconf 87' lang='lat' dir='ltr'><strong>appellato</strong></span> <span class='ocrx_word' id='word_1_300' title='bbox 823 4353 930 4410; x_wconf 77' lang='lat' dir='ltr'><strong>Andron</strong></span> <span class='ocrx_word' id='word_1_301' title='bbox 942 4353 1042 4428; x_wconf 81' lang='lat' dir='ltr'><strong>Alpino</strong></span> <span class='ocrx_word' id='word_1_302' title='bbox 1060 4369 1168 4411; x_wconf 85' lang='grc'><strong>1010011</strong></span> <span class='ocrx_word' id='word_1_303' title='bbox 1179 4353 1209 4410; x_wconf 82' lang='lat' dir='ltr'><strong>di</strong></span> <span class='ocrx_word' id='word_1_304' title='bbox 1225 4357 1328 4411; x_wconf 80' lang='lat' dir='ltr'><strong>Trento.</strong></span> <span class='ocrx_word' id='word_1_305' title='bbox 1341 4355 1514 4428; x_wconf 78' lang='lat' dir='ltr'><strong>»Legendum</strong></span> <span class='ocrx_word' id='word_1_306' title='bbox 1529 4363 1619 4414; x_wconf 84' lang='lat' dir='ltr'><strong>tamen</strong></span> 
     </span>
     <span class='ocr_line' id='line_1_32' title="bbox 207 4445 1616 4526; baseline 0.011 -29"><span class='ocrx_word' id='word_1_307' title='bbox 207 4448 347 4516; x_wconf 90' lang='lat' dir='ltr'><strong>putamus,</strong></span> <span class='ocrx_word' id='word_1_308' title='bbox 355 4445 464 4502; x_wconf 88' lang='lat' dir='ltr'><strong>sicutin</strong></span> <span class='ocrx_word' id='word_1_309' title='bbox 476 4446 527 4504; x_wconf 88' lang='lat' dir='ltr'><strong>isto</strong></span> <span class='ocrx_word' id='word_1_310' title='bbox 539 4445 632 4505; x_wconf 82' lang='lat' dir='ltr'><strong>fictitio</strong></span> <span class='ocrx_word' id='word_1_311' title='bbox 643 4449 794 4522; x_wconf 86' lang='lat' dir='ltr'><strong>privilegio:</strong></span> <span class='ocrx_word' id='word_1_312' title='bbox 802 4449 975 4507; x_wconf 72' lang='grc' dir='ltr'><strong>111101ιί111</strong></span> <span class='ocrx_word' id='word_1_313' title='bbox 985 4453 1120 4525; x_wconf 77' lang='lat' dir='ltr'><strong>episcopeo</strong></span> <span class='ocrx_word' id='word_1_314' title='bbox 1132 4451 1616 4526; x_wconf 63' lang='grc'><strong>001011011111111011111111011.</strong></span> 
     </span>
     <span class='ocr_line' id='line_1_33' title="bbox 209 4539 1618 4624; baseline 0.013 -29"><span class='ocrx_word' id='word_1_315' title='bbox 209 4539 331 4596; x_wconf 77' lang='lat' dir='ltr'><strong>Forsitan</strong></span> <span class='ocrx_word' id='word_1_316' title='bbox 344 4541 416 4599; x_wconf 91' lang='lat' dir='ltr'><strong>idern</strong></span> <span class='ocrx_word' id='word_1_317' title='bbox 429 4543 551 4603; x_wconf 75' lang='lat' dir='ltr'><strong>Andreas</strong></span> <span class='ocrx_word' id='word_1_318' title='bbox 564 4546 1527 4624; x_wconf 59' lang='grc'><strong>01001011010.1119,1000111)11,111101111101111110111111011111</strong></span> <span class='ocrx_word' id='word_1_319' title='bbox 1539 4569 1618 4612; x_wconf 87' lang='lat' dir='ltr'><strong>voca-</strong></span> 
     </span>
     <span class='ocr_line' id='line_1_34' title="bbox 210 4637 1618 4723; baseline 0.013 -31"><span class='ocrx_word' id='word_1_320' title='bbox 210 4642 269 4693; x_wconf 91' lang='lat' dir='ltr'><strong>tum</strong></span> <span class='ocrx_word' id='word_1_321' title='bbox 283 4637 447 4713; x_wconf 89' lang='lat' dir='ltr'><strong>invenimus,</strong></span> <span class='ocrx_word' id='word_1_322' title='bbox 462 4642 513 4701; x_wconf 90' lang='lat' dir='ltr'><strong>nisi</strong></span> <span class='ocrx_word' id='word_1_323' title='bbox 532 4643 569 4702; x_wconf 91' lang='lat' dir='ltr'><strong>sit</strong></span> <span class='ocrx_word' id='word_1_324' title='bbox 588 4644 710 4702; x_wconf 79' lang='lat' dir='ltr'><strong>Andreas</strong></span> <span class='ocrx_word' id='word_1_325' title='bbox 723 4645 798 4718; x_wconf 86' lang='lat' dir='ltr'><strong>regni</strong></span> <span class='ocrx_word' id='word_1_326' title='bbox 811 4644 916 4702; x_wconf 86' lang='lat' dir='ltr'><strong>Siciliae</strong></span> <span class='ocrx_word' id='word_1_327' title='bbox 929 4644 1079 4719; x_wconf 87' lang='lat' dir='ltr'><strong>logotheta,</strong></span> <span class='ocrx_word' id='word_1_328' title='bbox 1094 4647 1140 4720; x_wconf 88' lang='lat' dir='ltr'><strong>qui</strong></span> <span class='ocrx_word' id='word_1_329' title='bbox 1154 4663 1247 4722; x_wconf 86' lang='lat' dir='ltr'><strong>supra,</strong></span> <span class='ocrx_word' id='word_1_330' title='bbox 1261 4665 1291 4722; x_wconf 92' lang='lat' dir='ltr'><strong>p.</strong></span> <span class='ocrx_word' id='word_1_331' title='bbox 1307 4651 1369 4723; x_wconf 83' lang='grc'><strong>115,</strong></span> <span class='ocrx_word' id='word_1_332' title='bbox 1383 4649 1453 4708; x_wconf 89' lang='lat' dir='ltr'><strong>inter</strong></span> <span class='ocrx_word' id='word_1_333' title='bbox 1467 4656 1551 4710; x_wconf 85' lang='lat' dir='ltr'><strong>testes</strong></span> <span class='ocrx_word' id='word_1_334' title='bbox 1570 4668 1618 4710; x_wconf 84' lang='lat' dir='ltr'><strong>an-</strong></span> 
     </span>
     <span class='ocr_line' id='line_1_35' title="bbox 209 4741 377 4796; baseline 0.054 -9"><span class='ocrx_word' id='word_1_335' title='bbox 209 4741 377 4796; x_wconf 82' lang='lat' dir='ltr'><strong>numeratur.</strong></span> 
     </span>
    </p>
   </div>
   <div class='ocr_carea' id='block_1_4' title="bbox 0 0 2175 5908">
    <p class='ocr_par' dir='ltr' id='par_1_6' title="bbox 0 0 2175 5908">
     <span class='ocr_line' id='line_1_36' title="bbox 0 0 2175 5908; baseline 0 0"><span class='ocrx_word' id='word_1_336' title='bbox 0 0 2175 5908; x_wconf 95' lang='lat' dir='ltr'><strong> </strong></span> 
     </span>
    </p>
   </div>
  </div>
 </body>
</html>
