<?xml version="1.0" encoding="UTF-8"?>
<!DOCTYPE html PUBLIC "-//W3C//DTD XHTML 1.0 Transitional//EN"
    "http://www.w3.org/TR/xhtml1/DTD/xhtml1-transitional.dtd">
<html xmlns="http://www.w3.org/1999/xhtml" xml:lang="en" lang="en">
 <head>
  <title>
</title>
<meta http-equiv="Content-Type" content="text/html;charset=utf-8" />
  <meta name='ocr-system' content='tesseract 3.04.00' />
  <meta name='ocr-capabilities' content='ocr_page ocr_carea ocr_par ocr_line ocrx_word'/>
</head>
<body>
  <div class='ocr_page' id='page_1' title='image "./historiadiploma04fredgoog_0349.png"; bbox 0 0 4324 5916; ppageno 0'>
   <div class='ocr_carea' id='block_1_1' title="bbox 547 518 1403 586">
    <p class='ocr_par' dir='ltr' id='par_1_1' title="bbox 547 518 1403 586">
     <span class='ocr_line' id='line_1_1' title="bbox 547 518 1403 586; baseline -0.006 0"><span class='ocrx_word' id='word_1_1' title='bbox 547 522 609 586; x_wconf 68' lang='lat'><strong>938</strong></span> <span class='ocrx_word' id='word_1_2' title='bbox 719 557 722 564; x_wconf 66' lang='lat'><em>=</em></span> <span class='ocrx_word' id='word_1_3' title='bbox 1095 518 1403 582; x_wconf 69' lang='lat' dir='ltr'><strong>subtracturam</strong></span> 
     </span>
    </p>
   </div>
   <div class='ocr_carea' id='block_1_2' title="bbox 548 655 1960 1622">
    <p class='ocr_par' dir='ltr' id='par_1_2' title="bbox 548 655 1960 1622">
     <span class='ocr_line' id='line_1_2' title="bbox 550 655 1956 752; baseline 0.001 -22"><span class='ocrx_word' id='word_1_4' title='bbox 550 659 723 731; x_wconf 75' lang='lat' dir='ltr'><strong>immunm</strong></span> <span class='ocrx_word' id='word_1_5' title='bbox 745 658 818 732; x_wconf 83' lang='lat' dir='ltr'><strong>fore</strong></span> <span class='ocrx_word' id='word_1_6' title='bbox 834 657 1029 732; x_wconf 71' lang='lat' dir='ltr'><strong>statuimus.</strong></span> <span class='ocrx_word' id='word_1_7' title='bbox 1049 656 1106 731; x_wconf 82' lang='lat' dir='ltr'><strong>tu</strong></span> <span class='ocrx_word' id='word_1_8' title='bbox 1129 655 1316 752; x_wconf 77' lang='lat' dir='ltr'><strong>augmenta</strong></span> <span class='ocrx_word' id='word_1_9' title='bbox 1338 675 1479 752; x_wconf 85' lang='lat' dir='ltr'><strong>quoque</strong></span> <span class='ocrx_word' id='word_1_10' title='bbox 1494 655 1620 750; x_wconf 77' lang='lat' dir='ltr'><strong>regalia</strong></span> <span class='ocrx_word' id='word_1_11' title='bbox 1643 655 1752 750; x_wconf 80' lang='lat' dir='ltr'><strong>gratie</strong></span> <span class='ocrx_word' id='word_1_12' title='bbox 1772 655 1819 731; x_wconf 92' lang='lat' dir='ltr'><strong>de</strong></span> <span class='ocrx_word' id='word_1_13' title='bbox 1838 656 1956 731; x_wconf 83' lang='lat' dir='ltr'><strong>fodero</strong></span> 
     </span>
     <span class='ocr_line' id='line_1_3' title="bbox 549 775 1957 876; baseline 0.002 -23"><span class='ocrx_word' id='word_1_14' title='bbox 549 783 658 876; x_wconf 81' lang='lat' dir='ltr'><strong>regali</strong></span> <span class='ocrx_word' id='word_1_15' title='bbox 679 781 769 855; x_wconf 89' lang='lat' dir='ltr'><strong>banc</strong></span> <span class='ocrx_word' id='word_1_16' title='bbox 793 781 925 856; x_wconf 89' lang='lat' dir='ltr'><strong>eisdem</strong></span> <span class='ocrx_word' id='word_1_17' title='bbox 952 779 1113 854; x_wconf 77' lang='lat' dir='ltr'><strong>trabibus</strong></span> <span class='ocrx_word' id='word_1_18' title='bbox 1134 777 1357 876; x_wconf 81' lang='lat' dir='ltr'><strong>indulgemus</strong></span> <span class='ocrx_word' id='word_1_19' title='bbox 1377 789 1413 854; x_wconf 90' lang='lat' dir='ltr'><strong>ot</strong></span> <span class='ocrx_word' id='word_1_20' title='bbox 1433 775 1657 854; x_wconf 73' lang='lat' dir='ltr'><strong>conmdimus</strong></span> <span class='ocrx_word' id='word_1_21' title='bbox 1681 781 1957 856; x_wconf 90' lang='lat' dir='ltr'><strong>commoditatem</strong></span> 
     </span>
     <span class='ocr_line' id='line_1_4' title="bbox 549 899 1957 1001; baseline 0 -23"><span class='ocrx_word' id='word_1_22' title='bbox 549 915 722 1001; x_wconf 89' lang='lat' dir='ltr'><strong>quatenus</strong></span> <span class='ocrx_word' id='word_1_23' title='bbox 735 906 773 980; x_wconf 93' lang='lat' dir='ltr'><strong>id</strong></span> <span class='ocrx_word' id='word_1_24' title='bbox 786 907 832 980; x_wconf 86' lang='lat' dir='ltr'><strong>de</strong></span> <span class='ocrx_word' id='word_1_25' title='bbox 847 925 967 980; x_wconf 72' lang='lat' dir='ltr'><strong>mm</strong></span> <span class='ocrx_word' id='word_1_26' title='bbox 981 906 1202 979; x_wconf 78' lang='lat' dir='ltr'><strong>manualibus</strong></span> <span class='ocrx_word' id='word_1_27' title='bbox 1213 915 1249 979; x_wconf 92' lang='lat' dir='ltr'><strong>et</strong></span> <span class='ocrx_word' id='word_1_28' title='bbox 1258 903 1472 1000; x_wconf 74' lang='lat' dir='ltr'><strong>quibuslibet</strong></span> <span class='ocrx_word' id='word_1_29' title='bbox 1483 905 1636 1000; x_wconf 89' lang='lat' dir='ltr'><strong>ipsorum</strong></span> <span class='ocrx_word' id='word_1_30' title='bbox 1647 899 1799 978; x_wconf 87' lang='lat' dir='ltr'><strong>eeclesiis</strong></span> <span class='ocrx_word' id='word_1_31' title='bbox 1811 914 1847 978; x_wconf 86' lang='lat' dir='ltr'><strong>et</strong></span> <span class='ocrx_word' id='word_1_32' title='bbox 1860 903 1957 978; x_wconf 86' lang='lat' dir='ltr'><strong>terris</strong></span> 
     </span>
     <span class='ocr_line' id='line_1_5' title="bbox 548 1028 1959 1125; baseline -0.001 -23"><span class='ocrx_word' id='word_1_33' title='bbox 548 1039 584 1102; x_wconf 89' lang='lat' dir='ltr'><strong>et</strong></span> <span class='ocrx_word' id='word_1_34' title='bbox 601 1028 800 1102; x_wconf 90' lang='lat' dir='ltr'><strong>bominibus</strong></span> <span class='ocrx_word' id='word_1_35' title='bbox 822 1031 879 1104; x_wconf 91' lang='lat' dir='ltr'><strong>vel</strong></span> <span class='ocrx_word' id='word_1_36' title='bbox 899 1030 1072 1120; x_wconf 71' lang='lat' dir='ltr'><strong>vassallis,</strong></span> <span class='ocrx_word' id='word_1_37' title='bbox 1091 1029 1307 1124; x_wconf 85' lang='lat' dir='ltr'><strong>ubicumque</strong></span> <span class='ocrx_word' id='word_1_38' title='bbox 1321 1029 1537 1124; x_wconf 78' lang='lat' dir='ltr'><strong>proprisset</strong></span> <span class='ocrx_word' id='word_1_39' title='bbox 1564 1029 1615 1102; x_wconf 89' lang='lat' dir='ltr'><strong>eis</strong></span> <span class='ocrx_word' id='word_1_40' title='bbox 1634 1029 1828 1125; x_wconf 85' lang='lat' dir='ltr'><strong>specialiter</strong></span> <span class='ocrx_word' id='word_1_41' title='bbox 1851 1029 1959 1125; x_wconf 84' lang='lat' dir='ltr'><strong>perti·</strong></span> 
     </span>
     <span class='ocr_line' id='line_1_6' title="bbox 549 1149 1959 1250; baseline 0.002 -26"><span class='ocrx_word' id='word_1_42' title='bbox 549 1161 669 1227; x_wconf 86' lang='lat' dir='ltr'><strong>nentes</strong></span> <span class='ocrx_word' id='word_1_43' title='bbox 681 1153 810 1228; x_wconf 89' lang='lat' dir='ltr'><strong>habent</strong></span> <span class='ocrx_word' id='word_1_44' title='bbox 819 1155 1052 1250; x_wconf 87' lang='lat' dir='ltr'><strong>possessiones</strong></span> <span class='ocrx_word' id='word_1_45' title='bbox 1070 1162 1105 1227; x_wconf 88' lang='lat' dir='ltr'><strong>et</strong></span> <span class='ocrx_word' id='word_1_46' title='bbox 1118 1163 1231 1227; x_wconf 87' lang='lat' dir='ltr'><strong>cetera</strong></span> <span class='ocrx_word' id='word_1_47' title='bbox 1244 1153 1336 1226; x_wconf 91' lang='lat' dir='ltr'><strong>bona</strong></span> <span class='ocrx_word' id='word_1_48' title='bbox 1349 1173 1427 1246; x_wconf 89' lang='lat' dir='ltr'><strong>sne,</strong></span> <span class='ocrx_word' id='word_1_49' title='bbox 1439 1173 1504 1226; x_wconf 90' lang='lat' dir='ltr'><strong>nec</strong></span> <span class='ocrx_word' id='word_1_50' title='bbox 1517 1149 1669 1227; x_wconf 83' lang='lat' dir='ltr'><strong>marchio</strong></span> <span class='ocrx_word' id='word_1_51' title='bbox 1682 1175 1748 1226; x_wconf 91' lang='lat' dir='ltr'><strong>nec</strong></span> <span class='ocrx_word' id='word_1_52' title='bbox 1762 1171 1880 1227; x_wconf 91' lang='lat' dir='ltr'><strong>comes</strong></span> <span class='ocrx_word' id='word_1_53' title='bbox 1895 1173 1959 1227; x_wconf 87' lang='lat' dir='ltr'><strong>nec</strong></span> 
     </span>
     <span class='ocr_line' id='line_1_7' title="bbox 548 1277 1956 1374; baseline 0 -24"><span class='ocrx_word' id='word_1_54' title='bbox 548 1277 749 1373; x_wconf 78' lang='lat' dir='ltr'><strong>capitaneus</strong></span> <span class='ocrx_word' id='word_1_55' title='bbox 767 1298 833 1352; x_wconf 92' lang='lat' dir='ltr'><strong>nec</strong></span> <span class='ocrx_word' id='word_1_56' title='bbox 852 1279 946 1352; x_wconf 88' lang='lat' dir='ltr'><strong>ullus</strong></span> <span class='ocrx_word' id='word_1_57' title='bbox 969 1279 1168 1352; x_wconf 92' lang='lat' dir='ltr'><strong>consulatus</strong></span> <span class='ocrx_word' id='word_1_58' title='bbox 1189 1287 1251 1351; x_wconf 89' lang='lat' dir='ltr'><strong>aut</strong></span> <span class='ocrx_word' id='word_1_59' title='bbox 1267 1286 1418 1374; x_wconf 86' lang='lat' dir='ltr'><strong>potestas</strong></span> <span class='ocrx_word' id='word_1_60' title='bbox 1437 1297 1504 1350; x_wconf 90' lang='lat' dir='ltr'><strong>nec</strong></span> <span class='ocrx_word' id='word_1_61' title='bbox 1524 1277 1641 1372; x_wconf 90' lang='lat' dir='ltr'><strong>aliqua</strong></span> <span class='ocrx_word' id='word_1_62' title='bbox 1656 1279 1776 1372; x_wconf 80' lang='lat' dir='ltr'><strong>exigat</strong></span> <span class='ocrx_word' id='word_1_63' title='bbox 1793 1295 1956 1373; x_wconf 84' lang='lat' dir='ltr'><strong>persona,</strong></span> 
     </span>
     <span class='ocr_line' id='line_1_8' title="bbox 549 1400 1960 1497; baseline 0.001 -23"><span class='ocrx_word' id='word_1_64' title='bbox 549 1401 611 1474; x_wconf 89' lang='lat' dir='ltr'><strong>sed</strong></span> <span class='ocrx_word' id='word_1_65' title='bbox 628 1410 781 1497; x_wconf 87' lang='lat' dir='ltr'><strong>tempore</strong></span> <span class='ocrx_word' id='word_1_66' title='bbox 797 1400 868 1496; x_wconf 81' lang='lat' dir='ltr'><strong>quo</strong></span> <span class='ocrx_word' id='word_1_67' title='bbox 886 1401 974 1476; x_wconf 91' lang='lat' dir='ltr'><strong>illud</strong></span> <span class='ocrx_word' id='word_1_68' title='bbox 989 1401 1146 1476; x_wconf 92' lang='lat' dir='ltr'><strong>dandum</strong></span> <span class='ocrx_word' id='word_1_69' title='bbox 1167 1411 1220 1474; x_wconf 88' lang='lat' dir='ltr'><strong>est</strong></span> <span class='ocrx_word' id='word_1_70' title='bbox 1235 1403 1355 1475; x_wconf 82' lang='lat' dir='ltr'><strong>iratres</strong></span> <span class='ocrx_word' id='word_1_71' title='bbox 1368 1401 1515 1497; x_wconf 80' lang='lat' dir='ltr'><strong>predicti</strong></span> <span class='ocrx_word' id='word_1_72' title='bbox 1532 1401 1570 1475; x_wconf 94' lang='lat' dir='ltr'><strong>id</strong></span> <span class='ocrx_word' id='word_1_73' title='bbox 1587 1421 1650 1497; x_wconf 84' lang='lat' dir='ltr'><strong>per</strong></span> <span class='ocrx_word' id='word_1_74' title='bbox 1666 1421 1788 1476; x_wconf 87' lang='lat' dir='ltr'><strong>ornnes</strong></span> <span class='ocrx_word' id='word_1_75' title='bbox 1802 1401 1960 1475; x_wconf 87' lang='lat' dir='ltr'><strong>bomines</strong></span> 
     </span>
     <span class='ocr_line' id='line_1_9' title="bbox 549 1523 1960 1622; baseline 0.001 -25"><span class='ocrx_word' id='word_1_76' title='bbox 549 1525 624 1598; x_wconf 90' lang='lat' dir='ltr'><strong>sive</strong></span> <span class='ocrx_word' id='word_1_77' title='bbox 643 1526 791 1598; x_wconf 86' lang='lat' dir='ltr'><strong>vasallos</strong></span> <span class='ocrx_word' id='word_1_78' title='bbox 810 1547 892 1600; x_wconf 88' lang='lat' dir='ltr'><strong>suos</strong></span> <span class='ocrx_word' id='word_1_79' title='bbox 909 1525 1057 1600; x_wconf 85' lang='lat' dir='ltr'><strong>fideliter</strong></span> <span class='ocrx_word' id='word_1_80' title='bbox 1076 1525 1239 1622; x_wconf 78' lang='lat' dir='ltr'><strong>colligant</strong></span> <span class='ocrx_word' id='word_1_81' title='bbox 1262 1534 1297 1600; x_wconf 91' lang='lat' dir='ltr'><strong>et</strong></span> <span class='ocrx_word' id='word_1_82' title='bbox 1317 1527 1363 1600; x_wconf 93' lang='lat' dir='ltr'><strong>de</strong></span> <span class='ocrx_word' id='word_1_83' title='bbox 1379 1523 1456 1621; x_wconf 90' lang='lat' dir='ltr'><strong>ipso</strong></span> <span class='ocrx_word' id='word_1_84' title='bbox 1474 1524 1594 1600; x_wconf 80' lang='lat' dir='ltr'><strong>fodero</strong></span> <span class='ocrx_word' id='word_1_85' title='bbox 1610 1523 1658 1598; x_wconf 92' lang='lat' dir='ltr'><strong>ob</strong></span> <span class='ocrx_word' id='word_1_86' title='bbox 1676 1526 1823 1600; x_wconf 88' lang='lat' dir='ltr'><strong>salutem</strong></span> <span class='ocrx_word' id='word_1_87' title='bbox 1845 1526 1960 1599; x_wconf 90' lang='lat' dir='ltr'><strong>anime</strong></span> 
     </span>
    </p>
   </div>
   <div class='ocr_carea' id='block_1_3' title="bbox 551 1643 2084 1756">
    <p class='ocr_par' dir='ltr' id='par_1_3' title="bbox 551 1643 2084 1756">
     <span class='ocr_line' id='line_1_10' title="bbox 551 1643 2084 1756; baseline -0.001 -35"><span class='ocrx_word' id='word_1_88' title='bbox 551 1660 665 1724; x_wconf 88' lang='lat' dir='ltr'><strong>nostre</strong></span> <span class='ocrx_word' id='word_1_89' title='bbox 687 1649 734 1723; x_wconf 91' lang='lat' dir='ltr'><strong>ad</strong></span> <span class='ocrx_word' id='word_1_90' title='bbox 762 1649 943 1724; x_wconf 86' lang='lat' dir='ltr'><strong>utilitatem</strong></span> <span class='ocrx_word' id='word_1_91' title='bbox 966 1651 1110 1724; x_wconf 73' lang='lat' dir='ltr'><strong>cocleae</strong></span> <span class='ocrx_word' id='word_1_92' title='bbox 1135 1643 1200 1723; x_wconf 89' lang='lat' dir='ltr'><strong>sue</strong></span> <span class='ocrx_word' id='word_1_93' title='bbox 1219 1659 1254 1723; x_wconf 92' lang='lat' dir='ltr'><strong>et</strong></span> <span class='ocrx_word' id='word_1_94' title='bbox 1280 1649 1502 1724; x_wconf 87' lang='lat' dir='ltr'><strong>ecclesiarum</strong></span> <span class='ocrx_word' id='word_1_95' title='bbox 1526 1671 1669 1724; x_wconf 86' lang='lat' dir='ltr'><strong>suarum</strong></span> <span class='ocrx_word' id='word_1_96' title='bbox 1698 1648 1897 1745; x_wconf 90' lang='lat' dir='ltr'><strong>disponant.</strong></span> <span class='ocrx_word' id='word_1_97' title='bbox 1920 1651 1959 1721; x_wconf 93' lang='lat' dir='ltr'><strong>ln</strong></span> <span class='ocrx_word' id='word_1_98' title='bbox 2080 1753 2084 1756; x_wconf 25' lang='grc'>-</span> 
     </span>
    </p>
   </div>
   <div class='ocr_carea' id='block_1_4' title="bbox 552 1771 1965 4728">
    <p class='ocr_par' dir='ltr' id='par_1_4' title="bbox 552 1771 1965 4728">
     <span class='ocr_line' id='line_1_11' title="bbox 552 1771 1960 1870; baseline 0.001 -25"><span class='ocrx_word' id='word_1_99' title='bbox 552 1773 707 1866; x_wconf 88' lang='lat' dir='ltr'><strong>ejusdem</strong></span> <span class='ocrx_word' id='word_1_100' title='bbox 725 1794 865 1870; x_wconf 91' lang='lat' dir='ltr'><strong>quoque</strong></span> <span class='ocrx_word' id='word_1_101' title='bbox 884 1771 973 1847; x_wconf 83' lang='lat' dir='ltr'><strong>fodri</strong></span> <span class='ocrx_word' id='word_1_102' title='bbox 994 1775 1191 1848; x_wconf 77' lang='lat' dir='ltr'><strong>collectione</strong></span> <span class='ocrx_word' id='word_1_103' title='bbox 1208 1775 1309 1848; x_wconf 86' lang='lat' dir='ltr'><strong>talem</strong></span> <span class='ocrx_word' id='word_1_104' title='bbox 1328 1774 1473 1850; x_wconf 75' lang='grc' dir='ltr'>ωοάιιιιι</span> <span class='ocrx_word' id='word_1_105' title='bbox 1491 1773 1702 1870; x_wconf 90' lang='lat' dir='ltr'><strong>imponimus</strong></span> <span class='ocrx_word' id='word_1_106' title='bbox 1719 1783 1755 1846; x_wconf 87' lang='lat' dir='ltr'><strong>st</strong></span> <span class='ocrx_word' id='word_1_107' title='bbox 1774 1772 1960 1847; x_wconf 74' lang='lat' dir='ltr'><strong>munimus</strong></span> 
     </span>
     <span class='ocr_line' id='line_1_12' title="bbox 553 1895 1961 1994; baseline 0.003 -26"><span class='ocrx_word' id='word_1_108' title='bbox 553 1906 593 1968; x_wconf 91' lang='lat' dir='ltr'><strong>ut</strong></span> <span class='ocrx_word' id='word_1_109' title='bbox 606 1919 628 1970; x_wconf 88' lang='lat' dir='ltr'><strong>a</strong></span> <span class='ocrx_word' id='word_1_110' title='bbox 643 1897 790 1992; x_wconf 79' lang='lat' dir='ltr'><strong>siugulis</strong></span> <span class='ocrx_word' id='word_1_111' title='bbox 806 1897 1033 1972; x_wconf 79' lang='lat' dir='ltr'><strong>vassallorum</strong></span> <span class='ocrx_word' id='word_1_112' title='bbox 1054 1917 1197 1972; x_wconf 89' lang='lat' dir='ltr'><strong>suorum</strong></span> <span class='ocrx_word' id='word_1_113' title='bbox 1218 1899 1303 1972; x_wconf 83' lang='lat' dir='ltr'><strong>focis</strong></span> <span class='ocrx_word' id='word_1_114' title='bbox 1317 1898 1378 1993; x_wconf 88' lang='lat' dir='ltr'><strong>qui</strong></span> <span class='ocrx_word' id='word_1_115' title='bbox 1398 1895 1484 1994; x_wconf 90' lang='lat' dir='ltr'><strong>ipsis</strong></span> <span class='ocrx_word' id='word_1_116' title='bbox 1500 1897 1630 1972; x_wconf 91' lang='lat' dir='ltr'><strong>scilicet</strong></span> <span class='ocrx_word' id='word_1_117' title='bbox 1644 1897 1808 1971; x_wconf 85' lang='lat' dir='ltr'><strong>iratribus</strong></span> <span class='ocrx_word' id='word_1_118' title='bbox 1826 1899 1961 1994; x_wconf 88' lang='lat' dir='ltr'><strong>spacie-</strong></span> 
     </span>
     <span class='ocr_line' id='line_1_13' title="bbox 552 2008 1961 2117; baseline 0.001 -27"><span class='ocrx_word' id='word_1_119' title='bbox 552 2020 629 2094; x_wconf 90' lang='lat' dir='ltr'><strong>liter</strong></span> <span class='ocrx_word' id='word_1_120' title='bbox 646 2041 737 2095; x_wconf 89' lang='lat' dir='ltr'><strong>aune</strong></span> <span class='ocrx_word' id='word_1_121' title='bbox 740 2073 918 2094; x_wconf 92' lang='grc'><strong>......</strong></span> <span class='ocrx_word' id='word_1_122' title='bbox 937 2021 1050 2095; x_wconf 90' lang='lat' dir='ltr'><strong>nuntii</strong></span> <span class='ocrx_word' id='word_1_123' title='bbox 1069 2022 1188 2116; x_wconf 87' lang='lat' dir='ltr'><strong>nostri,</strong></span> <span class='ocrx_word' id='word_1_124' title='bbox 1210 2021 1373 2096; x_wconf 81' lang='lat' dir='ltr'><strong>donadus</strong></span> <span class='ocrx_word' id='word_1_125' title='bbox 1394 2008 1580 2095; x_wconf 84' lang='lat' dir='ltr'><strong>duodecim</strong></span> <span class='ocrx_word' id='word_1_126' title='bbox 1599 2029 1733 2095; x_wconf 89' lang='lat' dir='ltr'><strong>tantum</strong></span> <span class='ocrx_word' id='word_1_127' title='bbox 1750 2021 1961 2117; x_wconf 82' lang='lat' dir='ltr'><strong>recipiantur</strong></span> 
     </span>
     <span class='ocr_line' id='line_1_14' title="bbox 554 2141 1964 2243; baseline 0 -25"><span class='ocrx_word' id='word_1_128' title='bbox 554 2155 589 2218; x_wconf 87' lang='lat' dir='ltr'><strong>et</strong></span> <span class='ocrx_word' id='word_1_129' title='bbox 607 2143 653 2218; x_wconf 89' lang='lat' dir='ltr'><strong>de</strong></span> <span class='ocrx_word' id='word_1_130' title='bbox 669 2145 725 2218; x_wconf 89' lang='lat' dir='ltr'><strong>his</strong></span> <span class='ocrx_word' id='word_1_131' title='bbox 739 2145 882 2220; x_wconf 88' lang='lat' dir='ltr'><strong>ecclesie</strong></span> <span class='ocrx_word' id='word_1_132' title='bbox 897 2166 961 2218; x_wconf 90' lang='lat' dir='ltr'><strong>sue</strong></span> <span class='ocrx_word' id='word_1_133' title='bbox 976 2145 1249 2234; x_wconf 88' lang='lat' dir='ltr'><strong>necessitutibus,</strong></span> <span class='ocrx_word' id='word_1_134' title='bbox 1265 2155 1305 2219; x_wconf 91' lang='lat' dir='ltr'><strong>nt</strong></span> <span class='ocrx_word' id='word_1_135' title='bbox 1320 2167 1426 2243; x_wconf 90' lang='lat' dir='ltr'><strong>supra</strong></span> <span class='ocrx_word' id='word_1_136' title='bbox 1440 2145 1572 2220; x_wconf 80' lang='lat' dir='ltr'><strong>dictum</strong></span> <span class='ocrx_word' id='word_1_137' title='bbox 1591 2154 1656 2235; x_wconf 88' lang='lat' dir='ltr'><strong>est,</strong></span> <span class='ocrx_word' id='word_1_138' title='bbox 1675 2141 1913 2240; x_wconf 89' lang='lat' dir='ltr'><strong>provideatur,</strong></span> <span class='ocrx_word' id='word_1_139' title='bbox 1929 2155 1964 2218; x_wconf 89' lang='lat' dir='ltr'><strong>et</strong></span> 
     </span>
     <span class='ocr_line' id='line_1_15' title="bbox 554 2265 1962 2364; baseline 0.002 -25"><span class='ocrx_word' id='word_1_140' title='bbox 554 2269 622 2364; x_wconf 88' lang='lat' dir='ltr'><strong>ipsi</strong></span> <span class='ocrx_word' id='word_1_141' title='bbox 637 2270 758 2342; x_wconf 85' lang='lat' dir='ltr'><strong>tratres</strong></span> <span class='ocrx_word' id='word_1_142' title='bbox 771 2271 829 2342; x_wconf 86' lang='lat' dir='ltr'><strong>vel</strong></span> <span class='ocrx_word' id='word_1_143' title='bbox 846 2289 965 2343; x_wconf 88' lang='lat' dir='ltr'><strong>eorum</strong></span> <span class='ocrx_word' id='word_1_144' title='bbox 982 2269 1139 2344; x_wconf 89' lang='lat' dir='ltr'><strong>bomines</strong></span> <span class='ocrx_word' id='word_1_145' title='bbox 1155 2273 1211 2345; x_wconf 90' lang='lat' dir='ltr'><strong>vel</strong></span> <span class='ocrx_word' id='word_1_146' title='bbox 1228 2265 1349 2344; x_wconf 85' lang='lat' dir='ltr'><strong>vasalli</strong></span> <span class='ocrx_word' id='word_1_147' title='bbox 1371 2270 1460 2344; x_wconf 88' lang='lat' dir='ltr'><strong>ultra</strong></span> <span class='ocrx_word' id='word_1_148' title='bbox 1477 2270 1566 2344; x_wconf 86' lang='lat' dir='ltr'><strong>banc</strong></span> <span class='ocrx_word' id='word_1_149' title='bbox 1582 2288 1781 2342; x_wconf 84' lang='lat' dir='ltr'><strong>mensuram</strong></span> <span class='ocrx_word' id='word_1_150' title='bbox 1797 2291 1820 2343; x_wconf 89' lang='lat' dir='ltr'><strong>a</strong></span> <span class='ocrx_word' id='word_1_151' title='bbox 1837 2271 1962 2344; x_wconf 78' lang='lat' dir='ltr'><strong>nocuis</strong></span> 
     </span>
     <span class='ocr_line' id='line_1_16' title="bbox 555 2389 1962 2488; baseline 0.003 -26"><span class='ocrx_word' id='word_1_152' title='bbox 555 2389 686 2463; x_wconf 86' lang='lat' dir='ltr'><strong>nuntiis</strong></span> <span class='ocrx_word' id='word_1_153' title='bbox 703 2392 760 2465; x_wconf 89' lang='lat' dir='ltr'><strong>vel</strong></span> <span class='ocrx_word' id='word_1_154' title='bbox 773 2391 1052 2488; x_wconf 89' lang='lat' dir='ltr'><strong>quibuscumque</strong></span> <span class='ocrx_word' id='word_1_155' title='bbox 1068 2393 1146 2465; x_wconf 88' lang='lat' dir='ltr'><strong>aliis</strong></span> <span class='ocrx_word' id='word_1_156' title='bbox 1161 2393 1255 2467; x_wconf 92' lang='lat' dir='ltr'><strong>nulla</strong></span> <span class='ocrx_word' id='word_1_157' title='bbox 1273 2393 1413 2467; x_wconf 89' lang='lat' dir='ltr'><strong>datione</strong></span> <span class='ocrx_word' id='word_1_158' title='bbox 1425 2401 1624 2488; x_wconf 80' lang='lat' dir='ltr'><strong>graventur.</strong></span> <span class='ocrx_word' id='word_1_159' title='bbox 1641 2394 1784 2487; x_wconf 87' lang='lat' dir='ltr'><strong>Insuper</strong></span> <span class='ocrx_word' id='word_1_160' title='bbox 1798 2394 1962 2486; x_wconf 87' lang='lat' dir='ltr'><strong>jubemus</strong></span> 
     </span>
     <span class='ocr_line' id='line_1_17' title="bbox 555 2513 1963 2612; baseline 0.004 -26"><span class='ocrx_word' id='word_1_161' title='bbox 555 2513 711 2588; x_wconf 85' lang='lat' dir='ltr'><strong>ut&#39;liccat</strong></span> <span class='ocrx_word' id='word_1_162' title='bbox 721 2515 854 2590; x_wconf 89' lang='lat' dir='ltr'><strong>eisdem</strong></span> <span class='ocrx_word' id='word_1_163' title='bbox 870 2517 1031 2590; x_wconf 88' lang='lat' dir='ltr'><strong>iratribus</strong></span> <span class='ocrx_word' id='word_1_164' title='bbox 1045 2517 1203 2590; x_wconf 88' lang='lat' dir='ltr'><strong>homines</strong></span> <span class='ocrx_word' id='word_1_165' title='bbox 1219 2517 1295 2591; x_wconf 89' lang='lat' dir='ltr'><strong>sive</strong></span> <span class='ocrx_word' id='word_1_166' title='bbox 1311 2517 1460 2592; x_wconf 86' lang='lat' dir='ltr'><strong>vasallos</strong></span> <span class='ocrx_word' id='word_1_167' title='bbox 1472 2517 1625 2612; x_wconf 90' lang='lat' dir='ltr'><strong>ipsorum</strong></span> <span class='ocrx_word' id='word_1_168' title='bbox 1636 2537 1741 2611; x_wconf 90' lang='lat' dir='ltr'><strong>supra</strong></span> <span class='ocrx_word' id='word_1_169' title='bbox 1753 2537 1838 2608; x_wconf 88' lang='lat' dir='ltr'><strong>sua,</strong></span> <span class='ocrx_word' id='word_1_170' title='bbox 1859 2517 1963 2592; x_wconf 89' lang='lat' dir='ltr'><strong>idest</strong></span> 
     </span>
     <span class='ocr_line' id='line_1_18' title="bbox 555 2639 1962 2736; baseline 0.001 -25"><span class='ocrx_word' id='word_1_171' title='bbox 555 2639 697 2712; x_wconf 90' lang='lat' dir='ltr'><strong>ecclesie</strong></span> <span class='ocrx_word' id='word_1_172' title='bbox 708 2639 800 2713; x_wconf 91' lang='lat' dir='ltr'><strong>illius</strong></span> <span class='ocrx_word' id='word_1_173' title='bbox 812 2641 904 2714; x_wconf 91' lang='lat' dir='ltr'><strong>bona</strong></span> <span class='ocrx_word' id='word_1_174' title='bbox 919 2641 976 2713; x_wconf 90' lang='lat' dir='ltr'><strong>vel</strong></span> <span class='ocrx_word' id='word_1_175' title='bbox 989 2641 1211 2714; x_wconf 85' lang='lat' dir='ltr'><strong>ecclesiarum</strong></span> <span class='ocrx_word' id='word_1_176' title='bbox 1220 2661 1376 2732; x_wconf 89' lang='lat' dir='ltr'><strong>suarum,</strong></span> <span class='ocrx_word' id='word_1_177' title='bbox 1386 2639 1515 2715; x_wconf 87' lang='lat' dir='ltr'><strong>deloco</strong></span> <span class='ocrx_word' id='word_1_178' title='bbox 1526 2641 1573 2714; x_wconf 90' lang='lat' dir='ltr'><strong>ad</strong></span> <span class='ocrx_word' id='word_1_179' title='bbox 1586 2642 1700 2714; x_wconf 93' lang='lat' dir='ltr'><strong>locum</strong></span> <span class='ocrx_word' id='word_1_180' title='bbox 1712 2660 1776 2736; x_wconf 92' lang='lat' dir='ltr'><strong>pro</strong></span> <span class='ocrx_word' id='word_1_181' title='bbox 1787 2639 1887 2714; x_wconf 86' lang='lat' dir='ltr'><strong>libito</strong></span> <span class='ocrx_word' id='word_1_182' title='bbox 1897 2661 1962 2714; x_wconf 89' lang='lat' dir='ltr'><strong>suo</strong></span> 
     </span>
     <span class='ocr_line' id='line_1_19' title="bbox 555 2762 1959 2860; baseline 0.002 -26"><span class='ocrx_word' id='word_1_183' title='bbox 555 2763 736 2837; x_wconf 78' lang='lat' dir='ltr'><strong>transferre</strong></span> <span class='ocrx_word' id='word_1_184' title='bbox 748 2773 783 2838; x_wconf 90' lang='lat' dir='ltr'><strong>et</strong></span> <span class='ocrx_word' id='word_1_185' title='bbox 794 2762 841 2837; x_wconf 88' lang='lat' dir='ltr'><strong>ad</strong></span> <span class='ocrx_word' id='word_1_186' title='bbox 855 2764 1034 2838; x_wconf 81' lang='lat' dir='ltr'><strong>utilitatem</strong></span> <span class='ocrx_word' id='word_1_187' title='bbox 1048 2785 1147 2838; x_wconf 82' lang='lat' dir='ltr'><strong>suana</strong></span> <span class='ocrx_word' id='word_1_188' title='bbox 1161 2773 1401 2858; x_wconf 87' lang='lat' dir='ltr'><strong>transmutare,</strong></span> <span class='ocrx_word' id='word_1_189' title='bbox 1412 2763 1507 2838; x_wconf 91' lang='lat' dir='ltr'><strong>nullo</strong></span> <span class='ocrx_word' id='word_1_190' title='bbox 1519 2765 1723 2839; x_wconf 77' lang='lat' dir='ltr'><strong>vcmntsvel</strong></span> <span class='ocrx_word' id='word_1_191' title='bbox 1735 2763 1959 2860; x_wconf 87' lang='lat' dir='ltr'><strong>impediente.</strong></span> 
     </span>
     <span class='ocr_line' id='line_1_20' title="bbox 553 2886 1961 2984; baseline 0.002 -25"><span class='ocrx_word' id='word_1_192' title='bbox 553 2886 709 2960; x_wconf 87' lang='lat' dir='ltr'><strong>Pretcroa</strong></span> <span class='ocrx_word' id='word_1_193' title='bbox 720 2888 914 2960; x_wconf 62' lang='lat' dir='ltr'><strong>&#39;statuimus</strong></span> <span class='ocrx_word' id='word_1_194' title='bbox 930 2897 969 2960; x_wconf 90' lang='lat' dir='ltr'><strong>ut</strong></span> <span class='ocrx_word' id='word_1_195' title='bbox 988 2889 1106 2962; x_wconf 87' lang='lat' dir='ltr'><strong>nullus</strong></span> <span class='ocrx_word' id='word_1_196' title='bbox 1118 2887 1277 2983; x_wconf 90' lang='lat' dir='ltr'><strong>judicum</strong></span> <span class='ocrx_word' id='word_1_197' title='bbox 1297 2899 1368 2962; x_wconf 70' lang='lat' dir='ltr'><strong>um</strong></span> <span class='ocrx_word' id='word_1_198' title='bbox 1386 2889 1433 2964; x_wconf 93' lang='lat' dir='ltr'><strong>de</strong></span> <span class='ocrx_word' id='word_1_199' title='bbox 1450 2887 1649 2963; x_wconf 89' lang='lat' dir='ltr'><strong>civitatibus</strong></span> <span class='ocrx_word' id='word_1_200' title='bbox 1662 2909 1769 2984; x_wconf 89' lang='lat' dir='ltr'><strong>quam</strong></span> <span class='ocrx_word' id='word_1_201' title='bbox 1785 2887 1832 2962; x_wconf 89' lang='lat' dir='ltr'><strong>de</strong></span> <span class='ocrx_word' id='word_1_202' title='bbox 1848 2889 1961 2962; x_wconf 85' lang='lat' dir='ltr'><strong>loren-</strong></span> 
     </span>
     <span class='ocr_line' id='line_1_21' title="bbox 555 3011 1963 3108; baseline 0.003 -26"><span class='ocrx_word' id='word_1_203' title='bbox 555 3011 653 3083; x_wconf 91' lang='lat' dir='ltr'><strong>sibus</strong></span> <span class='ocrx_word' id='word_1_204' title='bbox 668 3011 753 3084; x_wconf 90' lang='lat' dir='ltr'><strong>locis</strong></span> <span class='ocrx_word' id='word_1_205' title='bbox 766 3011 893 3086; x_wconf 88' lang='lat' dir='ltr'><strong>babeat</strong></span> <span class='ocrx_word' id='word_1_206' title='bbox 908 3021 1108 3108; x_wconf 84' lang='lat' dir='ltr'><strong>potestatem</strong></span> <span class='ocrx_word' id='word_1_207' title='bbox 1123 3012 1305 3106; x_wconf 89' lang='lat' dir='ltr'><strong>judicandi</strong></span> <span class='ocrx_word' id='word_1_208' title='bbox 1320 3013 1377 3086; x_wconf 85' lang='lat' dir='ltr'><strong>vol</strong></span> <span class='ocrx_word' id='word_1_209' title='bbox 1392 3013 1439 3086; x_wconf 90' lang='lat' dir='ltr'><strong>ad</strong></span> <span class='ocrx_word' id='word_1_210' title='bbox 1453 3011 1626 3107; x_wconf 84' lang='lat' dir='ltr'><strong>judicium</strong></span> <span class='ocrx_word' id='word_1_211' title='bbox 1637 3011 1788 3088; x_wconf 88' lang='lat' dir='ltr'><strong>vocandi</strong></span> <span class='ocrx_word' id='word_1_212' title='bbox 1805 3011 1963 3086; x_wconf 87' lang='lat' dir='ltr'><strong>bomincs</strong></span> 
     </span>
     <span class='ocr_line' id='line_1_22' title="bbox 555 3135 1963 3232; baseline 0 -24"><span class='ocrx_word' id='word_1_213' title='bbox 555 3136 611 3208; x_wconf 87' lang='lat' dir='ltr'><strong>vol</strong></span> <span class='ocrx_word' id='word_1_214' title='bbox 627 3137 775 3210; x_wconf 83' lang='lat' dir='ltr'><strong>vasallos</strong></span> <span class='ocrx_word' id='word_1_215' title='bbox 792 3138 921 3232; x_wconf 83' lang='lat' dir='ltr'><strong>pretate</strong></span> <span class='ocrx_word' id='word_1_216' title='bbox 936 3138 1080 3210; x_wconf 88' lang='lat' dir='ltr'><strong>ecclesie</strong></span> <span class='ocrx_word' id='word_1_217' title='bbox 1092 3139 1150 3211; x_wconf 90' lang='lat' dir='ltr'><strong>vel</strong></span> <span class='ocrx_word' id='word_1_218' title='bbox 1167 3137 1390 3211; x_wconf 89' lang='lat' dir='ltr'><strong>ecclesiarum</strong></span> <span class='ocrx_word' id='word_1_219' title='bbox 1406 3135 1650 3232; x_wconf 88' lang='lat' dir='ltr'><strong>predictarum,</strong></span> <span class='ocrx_word' id='word_1_220' title='bbox 1666 3135 1734 3208; x_wconf 90' lang='lat' dir='ltr'><strong>nisi</strong></span> <span class='ocrx_word' id='word_1_221' title='bbox 1746 3157 1852 3208; x_wconf 90' lang='lat' dir='ltr'><strong>causa</strong></span> <span class='ocrx_word' id='word_1_222' title='bbox 1867 3136 1963 3231; x_wconf 89' lang='lat' dir='ltr'><strong>prius</strong></span> 
     </span>
     <span class='ocr_line' id='line_1_23' title="bbox 557 3237 1962 3358; baseline 0.001 -27"><span class='ocrx_word' id='word_1_223' title='bbox 557 3259 659 3332; x_wconf 87' lang='lat' dir='ltr'><strong>luerit</strong></span> <span class='ocrx_word' id='word_1_224' title='bbox 671 3257 719 3332; x_wconf 88' lang='lat' dir='ltr'><strong>ad</strong></span> <span class='ocrx_word' id='word_1_225' title='bbox 733 3259 881 3355; x_wconf 88' lang='lat' dir='ltr'><strong>priorem</strong></span> <span class='ocrx_word' id='word_1_226' title='bbox 893 3237 932 3334; x_wconf 35' lang='lat' dir='ltr'><strong>&#39;et</strong></span> <span class='ocrx_word' id='word_1_227' title='bbox 950 3261 1070 3335; x_wconf 83' lang='lat' dir='ltr'><strong>iratres</strong></span> <span class='ocrx_word' id='word_1_228' title='bbox 1087 3263 1216 3358; x_wconf 87' lang='lat' dir='ltr'><strong>perlata</strong></span> <span class='ocrx_word' id='word_1_229' title='bbox 1233 3270 1268 3334; x_wconf 91' lang='lat' dir='ltr'><strong>et</strong></span> <span class='ocrx_word' id='word_1_230' title='bbox 1282 3263 1329 3335; x_wconf 89' lang='lat' dir='ltr'><strong>ab</strong></span> <span class='ocrx_word' id='word_1_231' title='bbox 1341 3261 1474 3334; x_wconf 91' lang='lat' dir='ltr'><strong>eisdem</strong></span> <span class='ocrx_word' id='word_1_232' title='bbox 1487 3260 1683 3334; x_wconf 87' lang='lat' dir='ltr'><strong>emendatio</strong></span> <span class='ocrx_word' id='word_1_233' title='bbox 1695 3261 1751 3334; x_wconf 84' lang='lat' dir='ltr'><strong>vel</strong></span> <span class='ocrx_word' id='word_1_234' title='bbox 1770 3259 1962 3333; x_wconf 89' lang='lat' dir='ltr'><strong>secundum</strong></span> 
     </span>
     <span class='ocr_line' id='line_1_24' title="bbox 553 3379 1962 3482; baseline 0 -24"><span class='ocrx_word' id='word_1_235' title='bbox 553 3385 720 3478; x_wconf 83' lang='lat' dir='ltr'><strong>justitium</strong></span> <span class='ocrx_word' id='word_1_236' title='bbox 742 3386 799 3460; x_wconf 86' lang='lat' dir='ltr'><strong>vel</strong></span> <span class='ocrx_word' id='word_1_237' title='bbox 818 3385 1010 3460; x_wconf 89' lang='lat' dir='ltr'><strong>secuudum</strong></span> <span class='ocrx_word' id='word_1_238' title='bbox 1031 3386 1245 3461; x_wconf 84' lang='lat' dir='ltr'><strong>amicabilem</strong></span> <span class='ocrx_word' id='word_1_239' title='bbox 1264 3385 1544 3482; x_wconf 88' lang='lat' dir='ltr'><strong>compositionem</strong></span> <span class='ocrx_word' id='word_1_240' title='bbox 1566 3379 1760 3458; x_wconf 82' lang='lat' dir='ltr'><strong>reverenter</strong></span> <span class='ocrx_word' id='word_1_241' title='bbox 1777 3395 1813 3458; x_wconf 89' lang='lat' dir='ltr'><strong>et</strong></span> <span class='ocrx_word' id='word_1_242' title='bbox 1833 3384 1962 3458; x_wconf 84' lang='lat' dir='ltr'><strong>amica·</strong></span> 
     </span>
     <span class='ocr_line' id='line_1_25' title="bbox 556 3503 1962 3608; baseline -0.001 -27"><span class='ocrx_word' id='word_1_243' title='bbox 556 3508 671 3582; x_wconf 90' lang='lat' dir='ltr'><strong>biliter</strong></span> <span class='ocrx_word' id='word_1_244' title='bbox 689 3509 866 3604; x_wconf 80' lang='lat' dir='ltr'><strong>requisita.</strong></span> <span class='ocrx_word' id='word_1_245' title='bbox 884 3511 1095 3608; x_wconf 87' lang='lat' dir='ltr'><strong>Preolpimus</strong></span> <span class='ocrx_word' id='word_1_246' title='bbox 1114 3511 1218 3585; x_wconf 90' lang='lat' dir='ltr'><strong>etiam</strong></span> <span class='ocrx_word' id='word_1_247' title='bbox 1234 3510 1428 3586; x_wconf 83' lang='lat' dir='ltr'><strong>firmissime</strong></span> <span class='ocrx_word' id='word_1_248' title='bbox 1444 3509 1605 3584; x_wconf 91' lang='lat' dir='ltr'><strong>omnibus</strong></span> <span class='ocrx_word' id='word_1_249' title='bbox 1621 3505 1801 3602; x_wconf 91' lang='lat' dir='ltr'><strong>judicibus</strong></span> <span class='ocrx_word' id='word_1_250' title='bbox 1814 3515 1885 3581; x_wconf 91' lang='lat' dir='ltr'><strong>tam</strong></span> <span class='ocrx_word' id='word_1_251' title='bbox 1899 3503 1962 3605; x_wconf 89' lang='lat' dir='ltr'><strong>[in]</strong></span> 
     </span>
     <span class='ocr_line' id='line_1_26' title="bbox 558 3631 1962 3731; baseline -0.001 -26"><span class='ocrx_word' id='word_1_252' title='bbox 558 3633 756 3708; x_wconf 88' lang='lat' dir='ltr'><strong>civitatibus</strong></span> <span class='ocrx_word' id='word_1_253' title='bbox 772 3653 879 3728; x_wconf 88' lang='lat' dir='ltr'><strong>quam</strong></span> <span class='ocrx_word' id='word_1_254' title='bbox 897 3643 996 3708; x_wconf 84' lang='lat' dir='ltr'><strong>extra</strong></span> <span class='ocrx_word' id='word_1_255' title='bbox 1011 3656 1073 3731; x_wconf 86' lang='lat' dir='ltr'><strong>per</strong></span> <span class='ocrx_word' id='word_1_256' title='bbox 1090 3635 1227 3710; x_wconf 86' lang='lat' dir='ltr'><strong>castella</strong></span> <span class='ocrx_word' id='word_1_257' title='bbox 1247 3644 1282 3710; x_wconf 91' lang='lat' dir='ltr'><strong>et</strong></span> <span class='ocrx_word' id='word_1_258' title='bbox 1297 3635 1398 3710; x_wconf 89' lang='lat' dir='ltr'><strong>villas</strong></span> <span class='ocrx_word' id='word_1_259' title='bbox 1415 3633 1624 3722; x_wconf 88' lang='lat' dir='ltr'><strong>constitutis,</strong></span> <span class='ocrx_word' id='word_1_260' title='bbox 1643 3633 1675 3705; x_wconf 91' lang='lat' dir='ltr'><strong>si</strong></span> <span class='ocrx_word' id='word_1_261' title='bbox 1692 3631 1834 3728; x_wconf 87' lang='lat' dir='ltr'><strong>quando</strong></span> <span class='ocrx_word' id='word_1_262' title='bbox 1855 3631 1962 3706; x_wconf 91' lang='lat' dir='ltr'><strong>couti·</strong></span> 
     </span>
     <span class='ocr_line' id='line_1_27' title="bbox 559 3755 1964 3854; baseline -0.004 -24"><span class='ocrx_word' id='word_1_263' title='bbox 559 3757 648 3851; x_wconf 81' lang='lat' dir='ltr'><strong>gerit</strong></span> <span class='ocrx_word' id='word_1_264' title='bbox 665 3757 837 3853; x_wconf 87' lang='lat' dir='ltr'><strong>predictos</strong></span> <span class='ocrx_word' id='word_1_265' title='bbox 853 3759 975 3833; x_wconf 77' lang='lat' dir='ltr'><strong>trabes</strong></span> <span class='ocrx_word' id='word_1_266' title='bbox 991 3759 1292 3854; x_wconf 89' lang='lat' dir='ltr'><strong>proclamationem</strong></span> <span class='ocrx_word' id='word_1_267' title='bbox 1310 3779 1415 3854; x_wconf 89' lang='lat' dir='ltr'><strong>super</strong></span> <span class='ocrx_word' id='word_1_268' title='bbox 1433 3759 1535 3832; x_wconf 88' lang='lat' dir='ltr'><strong>illatis</strong></span> <span class='ocrx_word' id='word_1_269' title='bbox 1548 3756 1615 3830; x_wconf 89' lang='lat' dir='ltr'><strong>sibi</strong></span> <span class='ocrx_word' id='word_1_270' title='bbox 1630 3755 1768 3849; x_wconf 88' lang='lat' dir='ltr'><strong>injuriis</strong></span> <span class='ocrx_word' id='word_1_271' title='bbox 1783 3757 1908 3846; x_wconf 74' lang='lat' dir='ltr'><strong>bocru,</strong></span> <span class='ocrx_word' id='word_1_272' title='bbox 1923 3763 1964 3826; x_wconf 90' lang='lat' dir='ltr'><strong>ut</strong></span> 
     </span>
     <span class='ocr_line' id='line_1_28' title="bbox 557 3878 1963 3976; baseline -0.004 -21"><span class='ocrx_word' id='word_1_273' title='bbox 557 3882 673 3956; x_wconf 90' lang='lat' dir='ltr'><strong>statim</strong></span> <span class='ocrx_word' id='word_1_274' title='bbox 696 3881 834 3976; x_wconf 85' lang='lat' dir='ltr'><strong>judices</strong></span> <span class='ocrx_word' id='word_1_275' title='bbox 861 3883 963 3956; x_wconf 89' lang='lat' dir='ltr'><strong>celeri</strong></span> <span class='ocrx_word' id='word_1_276' title='bbox 996 3882 1048 3955; x_wconf 90' lang='lat' dir='ltr'><strong>eis</strong></span> <span class='ocrx_word' id='word_1_277' title='bbox 1070 3882 1203 3976; x_wconf 87' lang='lat' dir='ltr'><strong>justitia</strong></span> <span class='ocrx_word' id='word_1_278' title='bbox 1235 3882 1444 3955; x_wconf 91' lang='lat' dir='ltr'><strong>subveniant</strong></span> <span class='ocrx_word' id='word_1_279' title='bbox 1470 3891 1506 3954; x_wconf 93' lang='lat' dir='ltr'><strong>et</strong></span> <span class='ocrx_word' id='word_1_280' title='bbox 1530 3901 1670 3976; x_wconf 88' lang='lat' dir='ltr'><strong>presens</strong></span> <span class='ocrx_word' id='word_1_281' title='bbox 1700 3878 1963 3975; x_wconf 81' lang='lat' dir='ltr'><strong>predictumque</strong></span> 
     </span>
     <span class='ocr_line' id='line_1_29' title="bbox 559 4001 1962 4098; baseline -0.008 -15"><span class='ocrx_word' id='word_1_282' title='bbox 559 4007 732 4083; x_wconf 87' lang='lat' dir='ltr'><strong>auxilium</strong></span> <span class='ocrx_word' id='word_1_283' title='bbox 754 4013 879 4080; x_wconf 87' lang='lat' dir='ltr'><strong>contra·</strong></span> <span class='ocrx_word' id='word_1_284' title='bbox 894 4006 1169 4080; x_wconf 88' lang='lat' dir='ltr'><strong>adversariorum</strong></span> <span class='ocrx_word' id='word_1_285' title='bbox 1190 4009 1371 4081; x_wconf 89' lang='lat' dir='ltr'><strong>violentias</strong></span> <span class='ocrx_word' id='word_1_286' title='bbox 1394 4007 1446 4082; x_wconf 91' lang='lat' dir='ltr'><strong>eis</strong></span> <span class='ocrx_word' id='word_1_287' title='bbox 1468 4005 1651 4080; x_wconf 88' lang='lat' dir='ltr'><strong>efficaciter</strong></span> <span class='ocrx_word' id='word_1_288' title='bbox 1671 4001 1888 4098; x_wconf 84' lang='lat' dir='ltr'><strong>impendunt.</strong></span> <span class='ocrx_word' id='word_1_289' title='bbox 1907 4001 1962 4072; x_wconf 89' lang='lat' dir='ltr'><strong>ln·</strong></span> 
     </span>
     <span class='ocr_line' id='line_1_30' title="bbox 560 4125 1965 4230; baseline -0.008 -22"><span class='ocrx_word' id='word_1_290' title='bbox 560 4153 665 4230; x_wconf 90' lang='lat' dir='ltr'><strong>super</strong></span> <span class='ocrx_word' id='word_1_291' title='bbox 683 4131 867 4206; x_wconf 86' lang='lat' dir='ltr'><strong>statuimus</strong></span> <span class='ocrx_word' id='word_1_292' title='bbox 895 4141 935 4204; x_wconf 90' lang='lat' dir='ltr'><strong>ut</strong></span> <span class='ocrx_word' id='word_1_293' title='bbox 958 4132 1025 4228; x_wconf 93' lang='lat' dir='ltr'><strong>ipsi</strong></span> <span class='ocrx_word' id='word_1_294' title='bbox 1052 4133 1173 4206; x_wconf 80' lang='lat' dir='ltr'><strong>batres</strong></span> <span class='ocrx_word' id='word_1_295' title='bbox 1194 4132 1308 4206; x_wconf 87' lang='lat' dir='ltr'><strong>causis</strong></span> <span class='ocrx_word' id='word_1_296' title='bbox 1332 4131 1494 4206; x_wconf 90' lang='lat' dir='ltr'><strong>civilibus</strong></span> <span class='ocrx_word' id='word_1_297' title='bbox 1519 4136 1771 4204; x_wconf 68' lang='lat' dir='ltr'><strong>sacamentum</strong></span> <span class='ocrx_word' id='word_1_298' title='bbox 1795 4125 1965 4199; x_wconf 87' lang='lat' dir='ltr'><strong>calumnie</strong></span> 
     </span>
     <span class='ocr_line' id='line_1_31' title="bbox 561 4249 1965 4361; baseline -0.006 -31"><span class='ocrx_word' id='word_1_299' title='bbox 561 4265 714 4355; x_wconf 87' lang='lat' dir='ltr'><strong>prestere</strong></span> <span class='ocrx_word' id='word_1_300' title='bbox 730 4277 800 4330; x_wconf 91' lang='lat' dir='ltr'><strong>non</strong></span> <span class='ocrx_word' id='word_1_301' title='bbox 815 4265 997 4352; x_wconf 79' lang='lat' dir='ltr'><strong>cogantur,</strong></span> <span class='ocrx_word' id='word_1_302' title='bbox 1016 4265 1052 4331; x_wconf 90' lang='lat' dir='ltr'><strong>et</strong></span> <span class='ocrx_word' id='word_1_303' title='bbox 1068 4257 1164 4352; x_wconf 92' lang='lat' dir='ltr'><strong>quod</strong></span> <span class='ocrx_word' id='word_1_304' title='bbox 1189 4258 1239 4332; x_wconf 92' lang='lat' dir='ltr'><strong>eis</strong></span> <span class='ocrx_word' id='word_1_305' title='bbox 1262 4257 1358 4331; x_wconf 85' lang='lat' dir='ltr'><strong>uuba</strong></span> <span class='ocrx_word' id='word_1_306' title='bbox 1376 4254 1578 4353; x_wconf 90' lang='lat' dir='ltr'><strong>prescriptio</strong></span> <span class='ocrx_word' id='word_1_307' title='bbox 1599 4251 1762 4348; x_wconf 86' lang='lat' dir='ltr'><strong>temporis</strong></span> <span class='ocrx_word' id='word_1_308' title='bbox 1784 4249 1965 4361; x_wconf 82' lang='lat' dir='ltr'><strong>objiciatur</strong></span> 
     </span>
     <span class='ocr_line' id='line_1_32' title="bbox 562 4367 1964 4477; baseline -0.006 -23"><span class='ocrx_word' id='word_1_309' title='bbox 562 4383 631 4455; x_wconf 92' lang='lat' dir='ltr'><strong>nisi</strong></span> <span class='ocrx_word' id='word_1_310' title='bbox 651 4391 789 4456; x_wconf 89' lang='lat' dir='ltr'><strong>centum</strong></span> <span class='ocrx_word' id='word_1_311' title='bbox 814 4401 995 4455; x_wconf 90' lang='lat' dir='ltr'><strong>annorum.</strong></span> <span class='ocrx_word' id='word_1_312' title='bbox 1025 4381 1234 4477; x_wconf 84' lang='lat' dir='ltr'><strong>Pracipimus</strong></span> <span class='ocrx_word' id='word_1_313' title='bbox 1255 4382 1358 4455; x_wconf 88' lang='lat' dir='ltr'><strong>etiam</strong></span> <span class='ocrx_word' id='word_1_314' title='bbox 1378 4379 1533 4474; x_wconf 88' lang='lat' dir='ltr'><strong>ejusdem</strong></span> <span class='ocrx_word' id='word_1_315' title='bbox 1555 4376 1698 4452; x_wconf 88' lang='lat' dir='ltr'><strong>ecclesie</strong></span> <span class='ocrx_word' id='word_1_316' title='bbox 1717 4384 1753 4448; x_wconf 88' lang='lat' dir='ltr'><strong>et</strong></span> <span class='ocrx_word' id='word_1_317' title='bbox 1771 4374 1883 4470; x_wconf 86' lang='lat' dir='ltr'><strong>ipsius</strong></span> <span class='ocrx_word' id='word_1_318' title='bbox 1902 4367 1964 4445; x_wconf 83' lang='lat' dir='ltr'><strong>cc-</strong></span> 
     </span>
     <span class='ocr_line' id='line_1_33' title="bbox 563 4497 1965 4602; baseline -0.009 -22"><span class='ocrx_word' id='word_1_319' title='bbox 563 4508 745 4580; x_wconf 88' lang='lat' dir='ltr'><strong>clesiarum</strong></span> <span class='ocrx_word' id='word_1_320' title='bbox 762 4507 914 4602; x_wconf 89' lang='lat' dir='ltr'><strong>patronis</strong></span> <span class='ocrx_word' id='word_1_321' title='bbox 932 4504 1075 4578; x_wconf 82' lang='lat' dir='ltr'><strong>firmiter</strong></span> <span class='ocrx_word' id='word_1_322' title='bbox 1095 4507 1313 4602; x_wconf 80' lang='lat' dir='ltr'><strong>injungentes</strong></span> <span class='ocrx_word' id='word_1_323' title='bbox 1331 4514 1501 4602; x_wconf 87' lang='lat' dir='ltr'><strong>quatenus</strong></span> <span class='ocrx_word' id='word_1_324' title='bbox 1521 4501 1710 4600; x_wconf 88' lang='lat' dir='ltr'><strong>predictam</strong></span> <span class='ocrx_word' id='word_1_325' title='bbox 1727 4497 1905 4574; x_wconf 88' lang='lat' dir='ltr'><strong>ecclesiam</strong></span> <span class='ocrx_word' id='word_1_326' title='bbox 1930 4505 1965 4568; x_wconf 87' lang='lat' dir='ltr'><strong>et</strong></span> 
     </span>
     <span class='ocr_line' id='line_1_34' title="bbox 563 4619 1963 4728; baseline -0.01 -22"><span class='ocrx_word' id='word_1_327' title='bbox 563 4631 726 4706; x_wconf 87' lang='lat' dir='ltr'><strong>ecclesias</strong></span> <span class='ocrx_word' id='word_1_328' title='bbox 748 4629 794 4704; x_wconf 91' lang='lat' dir='ltr'><strong>ad</strong></span> <span class='ocrx_word' id='word_1_329' title='bbox 817 4631 928 4727; x_wconf 89' lang='lat' dir='ltr'><strong>ipsam</strong></span> <span class='ocrx_word' id='word_1_330' title='bbox 955 4639 1147 4728; x_wconf 84' lang='lat' dir='ltr'><strong>spectantes</strong></span> <span class='ocrx_word' id='word_1_331' title='bbox 1163 4632 1220 4706; x_wconf 91' lang='lat' dir='ltr'><strong>vel</strong></span> <span class='ocrx_word' id='word_1_332' title='bbox 1236 4631 1273 4702; x_wconf 93' lang='lat' dir='ltr'><strong>in</strong></span> <span class='ocrx_word' id='word_1_333' title='bbox 1290 4630 1488 4705; x_wconf 90' lang='lat' dir='ltr'><strong>bominibus</strong></span> <span class='ocrx_word' id='word_1_334' title='bbox 1506 4635 1566 4702; x_wconf 90' lang='lat' dir='ltr'><strong>aut</strong></span> <span class='ocrx_word' id='word_1_335' title='bbox 1581 4624 1720 4702; x_wconf 87' lang='lat' dir='ltr'><strong>vasellis</strong></span> <span class='ocrx_word' id='word_1_336' title='bbox 1742 4623 1801 4697; x_wconf 89' lang='lat' dir='ltr'><strong>vel</strong></span> <span class='ocrx_word' id='word_1_337' title='bbox 1826 4621 1863 4694; x_wconf 91' lang='lat' dir='ltr'><strong>in</strong></span> <span class='ocrx_word' id='word_1_338' title='bbox 1885 4619 1963 4694; x_wconf 89' lang='lat' dir='ltr'><strong>ollis</strong></span> 
     </span>
    </p>
   </div>
   <div class='ocr_carea' id='block_1_5' title="bbox 0 0 2183 5916">
    <p class='ocr_par' dir='ltr' id='par_1_5' title="bbox 0 0 2183 5916">
     <span class='ocr_line' id='line_1_35' title="bbox 0 0 2183 5916; baseline 0 0"><span class='ocrx_word' id='word_1_339' title='bbox 0 0 2183 5916; x_wconf 95' lang='lat' dir='ltr'><strong> </strong></span> 
     </span>
    </p>
   </div>
  </div>
 </body>
</html>
