4324 5912
684 594 935 660 nocumenta
962 596 1120 663 sunum.
1553 605 1617 668 953

196 733 351 826 tinbnrg,
372 729 581 802 Aneheimcs
600 732 809 807 marscalcus
825 733 870 808 de
885 735 1078 830 lustingen,
1093 737 1271 812 conradus
1287 738 1333 816 da
1348 741 1466 833 Enete,
1478 740 1615 814 Ulricus

196 858 244 934 de
260 855 487 944 Minzinburc
507 855 703 928 waimerus
715 858 880 953 pincerna
900 859 945 932 dc
962 861 1094 956 Scipio,
1114 872 1150 934 et
1166 863 1225 935 alii
1242 867 1479 961 quamplures,

245 985 372 1056 Datum
394 978 490 1076 apud
510 979 688 1074 Parmam,
709 1001 802 1056 enno
819 979 957 1056 Domini
985 983 1168 1060 millasimo
1186 985 1250 1060 CC⁰
1268 987 1404 1082 XXVP,
1421 989 1533 1086 pridie
1547 989 1614 1064 ka-

196 1104 319 1180 iendes
336 1103 432 1196 maii,
450 1101 639 1178 indictione
654 1102 761 1200 XIV(
786 1103 812 1202 ).

252 1695 486 1805 Fridericns,
506 1697 765 1782 Romanorum
783 1695 1003 1806 imperator,
1018 1695 1221 1780 confirmat
1237 1697 1426 1810 quidquid
1440 1698 1614 1784 Frideri-
1672 1733 1763 1820 ¹:⁰3⁰
1786 1755 1806 1818 1.

197 1855 267 1914 ons
294 1831 500 1941 imperator
521 1855 616 1916 auus
638 1855 732 1914 suus
759 1828 939 1914 ecclesias
965 1828 1125 1914 Sanctae
1151 1831 1290 1916 Mariae
1313 1831 1480 1944 Virginis
1497 1860 1615 1944 prope

200 1963 414 2077 altenburg
436 1965 591 2050 donavit
611 1965 652 2048 in
679 1963 983 2074 possessionibus
1007 1975 1044 2048 et
1067 1964 1239 2076 juribus,
1258 1965 1448 2050 Friderioo
1465 1968 1515 2050 de
1530 1968 1613 2052 Po-

199 2097 284 2184 leke
300 2099 472 2212 ejusdem
494 2099 674 2184 ecclesiae
690 2099 904 2210 praeposito
922 2101 1133 2184 concedens
1159 2109 1204 2184 ut
1229 2099 1301 2210 ipsi
1323 2110 1361 2184 et
1379 2127 1613 2187 successores

198 2231 283 2343 ejus
299 2233 429 2318 'libere
454 2235 674 2345 possideant
700 2233 889 2344 quidquid
914 2233 1058 2318 habent
1084 2243 1151 2318 aut
1177 2233 1283 2345 justo
1304 2234 1417 2320 titulo
1437 2245 1615 2346 poterunt

201 2367 373 2478 adipisci.
526 2408 531 2418 ·

283 2580 384 2661 (autu
402 2581 578 2657 Mantus,
593 2583 735 2646 mcor.
756 2576 918 2660 mona,
932 2587 1005 2642 tom.
1022 2583 1070 2657 11,
1090 2582 1133 2644 1v
1156 2581 1246 2657 theti,
1265 2599 1294 2662 p
1313 2591 1464 2662 ott-6143
1487 2601 1549 2648 non
1566 2585 1615 2648 in-

319 2689 419 2752 dicato
429 2688 526 2766 fonte,
539 2691 592 2752 sed
602 2689 800 2752 verummnr
815 2703 854 2750 ex
868 2687 972 2750 eodem
984 2688 1063 2750 unde
1077 2689 1287 2751 documentum
1299 2689 1361 2752 det.
1377 2691 1528 2766 Eriordte,
1542 2707 1615 2753 ann.

322 2807 411 2872 1220,
426 2799 476 2861 die
494 2799 694 2878 conceptionis
709 2795 839 2872 Domini,
856 2798 1014 2876 sumpserit
1028 2815 1036 2856 :
1052 2796 1133 2876 quod
1151 2797 1184 2858 in
1205 2798 1300 2876 primo
1313 2803 1396 2860 tomo
1417 2800 1495 2860 inter
1513 2800 1616 2880 apuria

319 2905 531 2986 mhlbnlmun)

249 3091 443 3170 Fridaricns
467 3096 530 3171 Dei
556 3097 666 3192 gratia
680 3097 911 3171 Romanorum
927 3093 1123 3189 imperator,
1143 3111 1280 3186 semper
1304 3097 1493 3185 angustus,
1512 3091 1615 3164 Jeru-

200 3215 309 3292 salem
333 3228 368 3292 ct
391 3219 505 3296 Sicilie
530 3221 912 3314 rex,nnive1sis,atc.
938 3218 1024 3292 Cum
1046 3225 1189 3314 paterna
1214 3215 1354 3290 devotio
1379 3215 1417 3288 in
1440 3215 1615 3291 mentibus

201 3337 349 3416 filiomm
363 3353 399 3418 et
415 3355 579 3441 nepotum
599 3344 646 3420 ad
665 3346 871 3420 imitandum
887 3343 1024 3440 piotutis
1039 3343 1239 3438 exemplum
1258 3361 1458 3438 permanere
1471 3339 1613 3434 debeat,

199 3475 429 3562 protestamur
443 3491 507 3544 nos
522 3493 657 3545 summe
676 3471 822 3566 diligere
840 3469 1077 3546 fundationem
1101 3467 1246 3542 ecclesie
1266 3468 1389 3542 Sancte
1413 3467 1520 3542 Maria
1535 3467 1614 3540 Vir·

199 3590 293 3686 pum
307 3613 415 3690 prope
432 3593 624 3668 Aldinburc
640 3617 746 3692 quam
762 3597 992 3670 Romanorum
1012 3596 1196 3692 imperator
1211 3593 1301 3667 bone
1314 3593 1480 3668 memorie
1495 3591 1615 3666 Fridc·

199 3715 293 3790 ricus
315 3739 404 3792 avus
431 3729 560 3812 noster,
585 3742 656 3795 una
674 3741 754 3794 oum
781 3719 862 3793 filiis
879 3721 952 3794 suis
968 3719 1127 3793 Heinrioo
1148 3727 1245 3815 patre
1267 3727 1382 3792 nostro
1405 3727 1440 3794 et
1456 3719 1615 3816 Philippo

199 3849 323 3936 patruo
337 3851 452 3920 nostro
467 3845 699 3918 Romanorum
712 3845 867 3941 regibus,
880 3844 1004 3919 devota
1021 3843 1219 3940 complevit,
1233 3841 1397 3938 adjacens
1410 3842 1486 3940 (cic)
1499 3844 1612 3918 eidem

198 3965 344 4042 eocloeio
360 3965 450 4041 dotis
464 3969 603 4044 nomine
617 3969 787 4045 decimam
810 3970 958 4068 piscium
985 3968 1115 4064 piscine
1139 3967 1215 4040 rive
1236 3967 1375 4042 claustri
1397 3969 1555 4066 antique,
1572 3989 1614 4043 co

197 4089 295 4184 qnod
324 4089 507 4167 destructis
531 4093 616 4168 ortis
635 4103 671 4169 et
693 4095 783 4170 oreis
804 4103 839 4170 et
863 4115 972 4191 parvo
997 4091 1195 4167 molendino
1221 4089 1288 4190 (2),
1312 4093 1458 4168 ecclesia
1483 4093 1614 4190 prefata

234 4348 272 4423 (t)
291 4351 507 4422 Quumexeunte
519 4355 597 4430 apriti
609 4356 681 4432 apud
693 4357 850 4416 &vennam
862 4357 1007 4432 imperator
1023 4362 1174 4415 moraretur
1193 4359 1320 4413 attentes
1339 4355 1385 4428 qui
1403 4359 1468 4412 mne
1486 4353 1615 4430 temporis

198 4447 259 4518 ejus
269 4447 360 4508 nune
374 4449 488 4508 aderant
499 4453 610 4510 omnino
620 4453 738 4512 tastihm
748 4453 794 4512 hic
806 4455 951 4512 nominatis
961 4454 1099 4524 differant,
1112 4467 1212 4510 novum
1226 4457 1255 4510 et
1267 4451 1374 4525 gravius
1381 4451 1462 4512 etiem
1473 4467 1613 4526 argumen-

200 4549 259 4600 tum
270 4545 355 4604 oritnr
366 4545 438 4606 unde
448 4549 618 4624 privilegium
628 4550 700 4610 istud
713 4551 783 4609 inter
794 4556 917 4626 suspecta
930 4551 1091 4610 documenta
1103 4550 1216 4625 rejicere
1230 4549 1387 4607 debeamus.

237 4642 276 4716 (Ξ)
296 4643 354 4702 Hoc
364 4643 547 4704 molendinum
558 4647 659 4722 dequo
672 4649 700 4706 in
713 4647 772 4708 eliis
784 4647 953 4709 documentis
965 4665 1046 4726 caepe
1058 4648 1159 4708 mentio
1171 4645 1211 4720 ut,
1224 4647 1304 4706 hodie
1314 4663 1421 4722 qumque
1434 4647 1505 4722 apud
1519 4646 1615 4706 Alien-

200 4739 271 4814 burg
283 4738 328 4796 die
341 4740 427 4802 ticine
437 4744 529 4804 uuo·
541 4746 703 4806 nominatur.

302 4841 454 4908 1101’m2.
1421 4853 1476 4906 120
