4324 5916
199 572 297 634 lnnrca.
317 571 378 650 15.]
648 567 843 630 HISTORIA
867 566 1158 630 oirbouurica
1552 566 1612 630 895

201 703 342 774 domino
359 665 476 776 nostro
503 703 649 774 Henrioo
666 703 892 774 invictissimo
913 703 1139 774 Romanorum
1163 721 1261 794 rege,
1288 719 1424 794 semper
1446 711 1607 792 augusto.

248 828 374 899 Datum
396 825 491 921 apud
513 825 744 920 Herbipolim,
765 847 825 920 per
842 847 984 896 manum
1005 824 1141 897 Henrici
1163 823 1349 918 imperialis
1368 824 1447 895 aule
1466 823 1609 918 protho-

201 950 338 1041 notarii,
357 971 460 1040 anno‚
478 971 596 1023 mense
608 959 644 1022 st
660 949 851 1024 indictione
865 949 1040 1044 predictis,
1063 947 1215 1021 feliciter.
1236 945 1359 1019 Amen.

454 1262 1363 1272 -·--..—-.·--.—---.·-——--.-—-—----

255 1541 457 1644 Henricus,
487 1541 747 1626 Romanorum
774 1567 862 1642 rex,
892 1527 1177 1648 praecedentem
1209 1541 1432 1623 sententiam
1467 1540 1613 1624 civibus
1676 1633 1697 1662 a
1735 1581 1787 1664 in

203 1673 537 1757 Cameracensibus
555 1653 743 1778 notificat,
767 1671 926 1754 firmiter
952 1672 1183 1780 praecipiens
1211 1683 1398 1782 quatenus
1416 1673 1516 1755 inira
1533 1675 1610 1756 de-
1679 1687 1755 1717 ”mm
1772 1689 1780 1717 ¹
1800 1654 1807 1717 '-

201 1833 284 1890 cem
315 1807 396 1890 dies
422 1816 509 1916 post
539 1807 790 1916 receptionem
808 1806 1044 1912 litterarum,
1064 1806 1193 1888 omnia
1219 1806 1388 1915 ipsorum
1416 1807 1612 1918 privilegia

201 1939 376 2049 episcopo
408 1939 624 2044 restituent,
659 1964 940 2048 campanasque
974 1948 1012 2022 et
1047 1939 1305 2024 communiam
1335 1941 1486 2050 penitus
1513 1942 1609 2024 des-

202 2080 343 2154 truant.
1084 2099 1088 2106 ·

279 2287 398 2360 (incdit.
413 2303 452 2348 ex
463 2287 531 2348 cod.
546 2287 582 2348 B.
600 2295 676 2347 1029
690 2289 722 2347 in
735 2287 812 2348 Bibi.
826 2287 933 2348 comm.
950 2287 1114 2360 Gamerae,
1129 2303 1329 2365 pergameas.
1341 2287 1430 2362 Xlll,
1445 2289 1611 2350 continente

319 2393 474 2472 privilegia
486 2395 589 2456 eccles.
604 2393 731 2466 eumer„
746 2393 797 2454 iol.
817 2403 872 2454 112
887 2410 984 2468 verso,
999 2403 1054 2456 11³
1069 2397 1173 2468 recto.)

247 2578 416 2651 Henricns
440 2580 503 2652 Dei
529 2581 638 2674 gratia
664 2581 891 2652 Romanorum
915 2599 979 2650 rex
1004 2587 1039 2652 et
1063 2601 1198 2674 semper
1221 2589 1410 2674 augustus,
1440 2581 1611 2654 universis

199 2699 335 2774 civibus
355 2701 657 2777 Cameracensibus
678 2703 835 2798 spiritum
862 2701 994 2774 consilii
1018 2701 1176 2775 sanioris.
1200 2703 1286 2774 Cum
1312 2704 1346 2774 in
1374 2705 1469 2776 curia
1495 2713 1609 2778 nostra

199 2827 368 2923 solempni
387 2828 484 2925 apud
498 2827 712 2924 Herbipolim
732 2849 794 2922 per
809 2827 1013 2900 sententiam
1032 2826 1228 2922 principum
1246 2835 1453 2920 nostrorum,
1472 2828 1509 2900 in
1528 2849 1608 2923 pre·

198 2951 310 3026 sentia
330 2953 530 3026 nuntiorum
550 2961 762 3039 vestrorum,
785 2951 1006 3047 solempniter
1029 2949 1072 3022 sit
1088 2949 1274 3022 diffinitum
1297 2951 1475 3044 privilegia
1493 2951 1608 3024 dilecti

197 3075 365 3170 principis
385 3077 493 3148 nostri
514 3074 557 3146 G.
578 3075 831 3150 Cameracensis
849 3075 1000 3172 episcopi
1018 3085 1052 3149 et
1071 3073 1214 3148 ecclesie
1236 3095 1299 3146 sue
1319 3073 1417 3145 firma
1436 3073 1481 3146 de
1496 3085 1608 3147 cetero

198 3208 233 3272 et
260 3199 398 3272 stabilia
419 3200 572 3297 reputari
599 3209 634 3273 et
662 3209 778 3273 vestra
803 3200 933 3273 nullius
957 3223 1033 3274 esse
1058 3200 1223 3273 momenti
1246 3199 1303 3272 vel
1329 3198 1479 3294 vigoris,
1507 3199 1608 3272 vobis

198 3323 399 3396 anctoritate
423 3325 520 3417 regia
543 3325 749 3398 mandamus
774 3323 918 3398 firmiter
941 3325 1167 3421 precipientes
1193 3324 1357 3419 quatinus
1381 3324 1469 3397 inira
1487 3323 1607 3398 decem

198 3445 274 3519 dies
297 3457 375 3543 post
400 3449 522 3521 barum
545 3449 797 3543 susceptionem
815 3449 1021 3538 litterarum,
1042 3449 1135 3523 dieto
1159 3449 1322 3545 episcopo
1344 3449 1460 3522 omnia
1479 3451 1606 3545 scripta

197 3579 312 3644 vestra
336 3594 406 3666 que
431 3572 599 3646 hactenus
625 3571 726 3644 vobis
744 3573 965 3668 prestiterunt
993 3574 1206 3646 occasionem
1237 3571 1471 3667 malignandi,
1497 3595 1605 3670 quea

198 3695 300 3768 nobis
318 3697 375 3769 vel
395 3697 441 3768 ab
457 3695 731 3770 antecessoribus
747 3697 890 3789 nostris,
915 3697 1056 3790 regibus
1074 3698 1130 3771 vel
1149 3697 1411 3792 imperatoribus
1428 3699 1603 3790 Romanis,

198 3819 395 3891 obtinuistis
411 3829 446 3892 et
471 3820 538 3894 alia
559 3820 673 3893 omnia
691 3819 904 3915 scriptaque
924 3843 1029 3915 penes
1054 3842 1119 3894 vos
1139 3831 1375 3894 remanserunt
1399 3821 1602 3916 restituatis;

196 3949 231 4015 et
258 3963 444 4038 campanas
464 3953 597 4016 vestras
621 3953 656 4016 et
676 3945 866 4040 campanile
890 3927 985 4040 quod
1016 3945 1163 4028 Berfrois
1193 3945 1321 4019 dicitur
1348 3955 1384 4020 et
1408 3947 1604 4020 comuniam

198 4087 304 4160 quam
327 4088 447 4162 paoem
465 4066 650 4139 nominatis
672 4068 747 4140 sive
772 4089 993 4164 quocumque
1015 4069 1082 4142 alio
1103 4070 1242 4144 nomine
1265 4069 1436 4167 pallietur,
1460 4072 1550 4144 sicut
1569 4071 1606 4144 in
1629 4131 1634 4140 .

197 4189 380 4285 privilegio
408 4191 492 4264 dicti
521 4190 673 4285 episcopi
695 4201 850 4266 anostra
876 4193 1052 4284 majestate
1072 4195 1213 4268 obtento
1236 4195 1374 4291 plenius
1398 4205 1433 4269 et
1456 4196 1607 4291 apertius

199 4313 405 4407 continetur,
429 4315 515 4388 inira
537 4314 698 4388 eumdem
723 4315 907 4387 terminum
931 4317 1069 4411 penitus
1089 4317 1290 4411 destruatis,
1312 4320 1342 4392 si
1367 4320 1547 4414 ponamin
1567 4341 1608 4392 eo

199 4447 392 4513 contentam
406 4447 441 4512 et
461 4439 732 4534 indignationem
746 4449 895 4513 nostram
913 4440 1092 4512 volueritis
1111 4441 1241 4514 evitare
1256 4441 1321 4538 (t).

237 4691 272 4764 (t)
291 4690 380 4768 Quum
393 4691 510 4750 diudnae
524 4693 726 4752 contestationis
739 4691 820 4767 hujus
832 4691 892 4752 bnis
911 4693 939 4752 in
955 4694 1100 4769 privilegiis
1113 4693 1297 4769 inperialibus
1311 4711 1365 4754 uon
1380 4704 1523 4771 appareat,
1534 4697 1608 4755 addi·
