4466 5914
535 617 597 680 660
1036 625 1251 688 retentum
1276 627 1450 690 SECUNDI
1765 629 1843 718 [Su.
1861 635 1945 699 lm

536 752 599 826 Dei
620 753 732 848 gratia
756 755 983 832 invictissimo
1007 757 1240 834 Romanorum
1264 761 1490 859 imperatore,
1507 785 1644 861 semper
1661 776 1830 862 augusto,
1851 772 1948 844 Jeru-

536 879 643 952 salem
657 889 693 952 et
714 880 829 954 Sicilie
844 904 946 977 rege,
965 883 1100 980 imperii
1116 887 1193 978 ejus
1208 907 1300 959 anuo
1315 896 1416 961 sexto
1436 895 1472 961 et
1490 888 1589 984 regui
1610 889 1798 964 Jerusalem
1823 895 1947 990 prime,

537 1003 635 1098 regni
650 1024 735 1078 vero
747 1005 863 1079 Sicilie
878 1007 1044 1081 vicesimo
1060 1030 1169 1100 nono,
1187 1011 1341 1086 feliciter.
1356 1009 1481 1086 Amen.

562 1165 566 1171 ·
586 1127 711 1200 Datum
728 1127 826 1225 apud
846 1129 1001 1226 Burgum
1020 1133 1136 1206 Sancti
1151 1134 1319 1228 Donnini,
1338 1157 1449 1228 anno,
1469 1157 1590 1211 mense
1609 1146 1645 1212 et
1662 1137 1850 1214 indictione
1870 1165 1947 1238 pre·

535 1251 685 1348 scriptis.

334 1794 501 1894 trugggpn
586 1772 815 1880 Fridericus‚
834 1773 1095 1858 Romanorum
1117 1773 1341 1884 imperetur,
1358 1774 1600 1886 privilegium
1620 1801 1645 1859 e
1668 1777 1857 1861 Friderieo
1874 1777 1948 1859 im·

362 1903 471 2013 ”tw
534 1915 708 2018 peratore
732 1933 804 1992 evo
828 1933 898 1992 suo
917 1907 1077 1992 Guercio
1100 1908 1313 1992 marchioni
1330 1907 1501 1993 Sevonae
1518 1935 1610 1991 ann.
1634 1911 1737 1994 1162
1755 1909 1947 1994 indultum

534 2041 696 2125 Henrioo
719 2041 932 2125 marchioni
947 2041 1027 2126 filio
1045 2040 1217 2152 ejusdem
1236 2041 1383 2126 Guercii
1405 2042 1625 2150 confirmat,
1649 2042 1831 2153 additque
1847 2054 1891 2128 ut
1914 2041 1947 2126 si

534 2172 716 2256 haeredes
747 2174 939 2258 masculos
969 2201 1048 2258 non
1077 2173 1255 2259 habuerit
1285 2175 1523 2286 superstites,
1552 2175 1633 2258 filie
1656 2173 1741 2286 ejus
1768 2177 1809 2259 in
1831 2175 1946 2262 leudo

534 2308 725 2391 succedat.

615 2549 742 2629 (Edlder.
756 2551 872 2622 Lumo,
889 2547 959 2612 dod.
970 2547 1039 2612 Ital.
1052 2547 1216 2630 diplomat,
1232 2557 1256 2612 t.
1271 2551 1303 2628 1,
1320 2567 1351 2630 p.
1372 2551 1731 2633 anu-ttnrmm,
1744 2553 1881 2614 dltmctrr
1893 2569 1947 2614 rae·

654 2656 757 2732 Genu,
774 2673 806 2736 p.
823 2665 874 2718 2⁵.
888 2657 1017 2719 Nomlns
1028 2659 1149 2718 testlnm
1161 2655 1247 2719 loede
1258 2663 1397 2736 corrupte
1409 2663 1445 2719 nt
1457 2661 1609 2736 potuimus
1620 2659 1825 2738 restituimus.)

582 2875 621 2946 ln
636 2873 775 2947 nomine
789 2881 907 2946 sancte
921 2881 957 2945 et
972 2870 1158 2946 individue
1174 2873 1361 2947 Trinitatis.
1378 2869 1564 2946 chericus
1580 2873 1700 2948 divina
1719 2873 1858 2948 favente
1875 2875 1943 2949 cle·

533 2998 661 3071 mentia
685 2998 916 3071 Romanorum
942 2996 1141 3092 imperator,
1166 3018 1303 3093 semper
1328 3007 1515 3090 augustus,
1543 2998 1754 3072 Hierusalem
1774 3009 1809 3072 et
1829 3000 1944 3074 Sicilie

532 3145 609 3198 rex.
631 3124 735 3196 Decet
759 3121 948 3218 imperialis
974 3121 1179 3194 excellentie
1200 3120 1403 3216 dignitatem
1424 3131 1507 3198 vota
1524 3145 1668 3196 suorum
1693 3122 1850 3197 fidelium
1870 3125 1944 3197 cle-

532 3258 666 3322 menter
680 3247 860 3320 admittere
875 3267 917 3318 ac
930 3267 971 3318 ea
991 3245 1042 3316 sic
1058 3244 1183 3318 ellectu
1198 3247 1359 3342 prosequi
1376 3255 1411 3320 et
1429 3249 1601 3344 complere
1614 3247 1711 3344 quod
1724 3257 1759 3322 et
1777 3247 1943 3344 principie

532 3371 690 3446 exhibita
707 3369 817 3463 gratia
830 3375 865 3440 et
882 3366 1099 3440 subditorum
1114 3367 1252 3442 lervene
1267 3369 1408 3444 devotio
1425 3372 1641 3466 presentibus
1653 3371 1699 3443 sit
1711 3369 1758 3444 ad
1773 3371 1942 3463 gaudium

532 3505 567 3570 et
588 3493 733 3590 posteris
754 3491 801 3566 ad
817 3491 1029 3589 exemplum.
1048 3490 1137 3565 lude
1154 3501 1207 3566 eet
1223 3492 1321 3588 quod
1336 3495 1508 3568 universis
1527 3494 1689 3570 fidelibus
1708 3495 1844 3592 imperii
1863 3517 1942 3592 pre-

531 3618 689 3692 sentibus
705 3625 740 3690 et
754 3618 878 3690 tuturis
892 3616 966 3689 lieri
981 3618 1147 3690 volumus
1162 3618 1382 3692 menifestum
1395 3619 1491 3714 quod
1505 3641 1586 3692 cum
1604 3620 1773 3693 Henricus
1788 3618 1942 3692 marchio

532 3743 686 3835 Sauone,
709 3739 822 3816 fidelis
840 3749 956 3814 noster
969 3741 1136 3834 dilectus,
1154 3739 1248 3814 filius
1259 3743 1396 3816 Henrici
1410 3743 1546 3816 Guereii
1558 3742 1784 3834 marchionis,
1803 3741 1941 3838 privile·

531 3865 629 3963 giem
650 3865 829 3961 quoddam
844 3865 940 3960 quod
964 3864 1080 3938 inclite
1106 3867 1352 3940 recordationis
1367 3867 1530 3942 dominns
1553 3868 1737 3964 imperator
1757 3865 1941 3940 Federicus

531 3990 700 4065 concessit
721 3991 853 4086 prelato
868 3989 1056 4062 marchioni
1072 3987 1217 4064 Guercio
1231 3991 1320 4086 patri
1338 4014 1419 4084 suo,
1436 3991 1644 4065 intuendum
1667 3999 1783 4064 nostre
1802 3989 1941 4062 celsitu·

532 4114 607 4189 dini
626 4122 870 4211 presentesset,
888 4114 1087 4210 supplicans
1100 4113 1275 4187 humiliter
1291 4125 1326 4188 et
1343 4114 1469 4190 devote
1487 4115 1629 4189 utillud
1646 4115 1763 4188 sibiet
1783 4113 1857 4188 suis
1874 4111 1942 4186 lre-

531 4239 675 4313 redibus
692 4259 860 4312 renovare
881 4246 916 4309 et
934 4235 1137 4311 confirmare
1155 4239 1200 4312 de
1219 4247 1333 4312 nostre
1355 4239 1466 4334 gratia
1485 4238 1725 4331 dignaremur3
1745 4259 1809 4312 nes
1830 4245 1941 4310 atten-

534 4363 655 4438 dentes
666 4361 772 4435 fidem
787 4371 822 4436 et
836 4361 1055 4436 devotionem
1069 4361 1238 4437 sinceram
1252 4384 1388 4436 necnon
1400 4373 1435 4435 et
1447 4373 1544 4458 grata
1554 4361 1693 4436 servitia
1705 4383 1775 4456 que
1788 4361 1941 4458 prelatus

532 4487 699 4560 Henricus
725 4496 822 4582 pater
844 4507 930 4559 suus
952 4487 1084 4584 prelato
1107 4487 1302 4584 imperatori
1329 4486 1494 4562 Federico
1519 4508 1587 4561 aro
1608 4496 1725 4561 nostro
1741 4495 1777 4558 et
1800 4484 1942 4558 domine

534 4611 727 4706 imperatori
746 4611 835 4706 patri
853 4622 970 4684 nostro
987 4611 1070 4698 dive
1092 4612 1256 4686 memorie
1275 4637 1317 4687 ac
1339 4614 1415 4709 ipse
1429 4613 1597 4686 Henricus
1612 4610 1705 4683 lilius
1727 4609 1838 4706 ipsius
1860 4629 1940 4705 spe·

534 4735 666 4809 cialiter
695 4744 810 4809 nostre
831 4735 1025 4812 celsitudini
1046 4758 1110 4810 sue
1133 4735 1214 4812 fidei
1236 4739 1384 4834 puritate
1394 4747 1595 4812 constanter
1617 4735 1826 4810 exhibuitet
1846 4753 1941 4805 nunc
