4330 5914
213 623 312 682 luurcr.
331 620 394 696 15.]
666 611 864 675 HISTORIA
888 605 1179 670 urruout'rlcs.
1567 601 1628 662 685
1739 589 1742 596 ’

215 757 327 829 dictos
340 755 432 824 sicot
447 749 614 823 condecet
629 770 806 841 revocare,
825 767 945 820 omnes
960 743 1099 816 easdem
1115 739 1365 828 concessiones,
1383 747 1472 827 etc,
1494 759 1564 830 que
1579 738 1624 808 ab

213 877 348 952 eisdem
357 873 540 948 comitibus
549 873 584 944 in
596 882 685 945 etate
695 873 818 946 minori
831 868 1057 944 existentibus
1065 867 1153 937 lacte
1163 865 1314 952 luerunt,
1323 883 1369 934 ex
1381 869 1473 933 certa
1482 860 1624 933 scientia

213 1020 419 1073 revocamus
433 1007 469 1070 et
482 1018 544 1092 per
561 995 805 1092 Raymnndnm
817 991 1061 1087 Berengarium
1078 988 1235 1061 comitem
1251 985 1430 1059 Provincie
1443 994 1477 1056 et
1489 985 1623 1056 Forcul-

212 1124 339 1219 qnerii,
355 1123 493 1196 affinem
511 1131 546 1193 et
563 1119 699 1193 fidelem
717 1131 884 1208 nostrum,
902 1115 1055 1190 revocari
1073 1113 1292 1201 mandamns,
1305 1121 1340 1183 et
1353 1111 1398 1184 de
1414 1117 1526 1182 cetero
1538 1109 1623 1179 nnl-

213 1247 282 1319 lins
301 1245 518 1320 decernimus
540 1265 617 1317 esse
638 1244 819 1331 momenti,
846 1241 1018 1314 universis
1042 1249 1077 1310 et
1098 1236 1244 1330 singulis
1268 1243 1421 1308 vestrum
1443 1232 1509 1304 snb
1531 1253 1621 1326 pena

213 1381 352 1444 centnm
365 1370 530 1442 librarum
548 1368 643 1458 auri,
659 1379 742 1458 etc,
764 1389 869 1462 qnam
891 1366 938 1441 ad
954 1365 1086 1437 dictum
1106 1362 1266 1435 comitem
1287 1357 1467 1432 Provincia
1482 1365 1516 1428 et
1533 1357 1621 1428 For-

213 1493 378 1588 calquerii
397 1493 537 1566 devolvi
554 1513 747 1579 censemus,
763 1501 829 1564 etc.

262 1620 348 1690 Data
369 1617 489 1710 Fugio,
510 1637 601 1690 anno
617 1615 755 1688 Domini
775 1613 990 1704 mccxxu,
1008 1631 1127 1683 mense
1154 1607 1323 1698 octobris,
1343 1606 1465 1700 quinta
1486 1604 1621 1678 decima

213 1740 413 1815 indictione.

1222 1929 1383 1940 --ιη--ο-κι

265 2205 494 2306 Fridericus‚
529 2206 789 2289 Romanorum
818 2203 1039 2312 imperator,
1070 2201 1264 2286 Gerhardo
1295 2200 1424 2284 comiti
1451 2199 1619 2284 Gelrensi
1682 2215 1792 2312 m·

211 2337 453 2447 privilegium
470 2362 583 2419 suum
602 2336 736 2419 datum
750 2335 852 2445 apud
866 2335 1108 2418 Ferentinum
1124 2333 1278 2444 (martio
1295 2333 1415 2444 1225)
1430 2336 1478 2417 de
1494 2343 1620 2418 trans-

211 2469 352 2553 latione
368 2469 534 2552 thelonei
552 2468 634 2578 ejus
658 2470 760 2578 apud
787 2469 971 2551 Arnheim
999 2469 1048 2552 ad
1074 2468 1206 2552 villam
1232 2467 1389 2570 Lobith‚
1410 2480 1566 2551 renovat
1584 2480 1620 2552 ct

212 2601 430 2707 confirmat,
454 2601 688 2710 firmiterque
710 2601 783 2684 sub
804 2627 926 2710 poena
953 2601 1226 2709 indignationis
1251 2626 1342 2682 snae
1368 2602 1549 2709 praecipit
1571 2628 1621 2686 ne

211 2735 298 2844 quis
311 2735 488 2816 eumdem
501 2735 677 2816 comitem
691 2735 731 2815 in
745 2735 985 2843 percipiendo
1003 2734 1177 2816 theloneo
1191 2733 1374 2840 impedire
1386 2747 1616 2841 praesumat.

294 2949 457 3026 (Memorat.
474 2967 523 3026 ap.
536 2951 703 3023 Menum,
716 2950 827 3031 Rogat.
842 2949 959 3028 imper„
974 2967 1005 3026 p.
1025 2958 1100 3028 tau,
1113 2957 1146 3008 n⁰
1166 2957 1242 3021 uto,
1257 2964 1295 3008 ex
1308 2949 1392 3024 copis
1404 2949 1435 3008 in
1449 2949 1550 3009 codice
1570 2965 1617 3009 se-

328 3056 388 3115 culi
402 3057 458 3118 XV
470 3057 549 3132 apud
563 3056 720 3129 Amhelm,
735 3071 753 3116 a
766 3055 951 3116 Bethmunno
968 3057 1207 3128 communicatu.)

257 3244 373 3316 Testes
387 3243 492 3336 bnjus
508 3244 558 3316 rei
576 3252 657 3316 snnt
677 3296 685 3314 .
705 3297 715 3315 .
738 3297 746 3314 .
765 3242 919 3338 Reginus
932 3242 1223 3337 archiepiscopus,
1240 3238 1427 3312 ltainsldus
1442 3237 1517 3311 dux
1531 3240 1616 3332 Spo-

210 3366 281 3454 leti,
298 3369 334 3438 S.
355 3387 469 3440 comes
486 3366 531 3439 de
542 3367 689 3458 Vienna,
709 3377 776 3440 eto.

257 3492 384 3562 Datum
398 3490 516 3585 Fugio,
535 3513 628 3564 anno
644 3491 817 3565 dominice
835 3489 1080 3563 incarnationis
1097 3489 1304 3581 mccxxvl,
1324 3509 1441 3561 mense
1454 3487 1614 3578 octobris,

209 3611 397 3685 indictione
413 3613 475 3685 XV
480 3667 818 3686 ...........

435 3911 1389 3926 mmm

260 4159 490 4268 Reinaldus,
509 4164 588 4246 dux
611 4163 752 4274 Spoleti
775 4174 812 4247 et
834 4165 949 4247 totius
968 4165 1125 4247 Tusciae
1146 4165 1314 4276 legatae,
1341 4166 1526 4249 universis
1548 4193 1615 4276 per
1685 4202 1779 4256 nomo,

1654 4255 1667 4294 2
1678 4257 1811 4298 novembris.

206 4293 384 4376 Tusciam
411 4297 624 4380 constitutis
651 4307 786 4379 notum
804 4297 894 4380 iecit
912 4324 971 4390 se,
992 4325 1079 4381 cum
1108 4300 1157 4381 ad
1183 4325 1361 4406 praesens
1388 4300 1436 4380 ad
1463 4300 1614 4410 negotia

205 4425 364 4509 Tusciae
390 4430 606 4539 peragenda
632 4430 880 4540 personaliter
907 4432 1039 4514 adesse
1062 4441 1244 4541 nequeat,
1264 4431 1456 4514 Eberardo
1474 4434 1615 4517 castel-

204 4556 294 4640 lano
308 4557 435 4641 Sancti
454 4560 617 4645 llinietis
630 4563 757 4672 nepoti
777 4588 847 4645 suo
864 4562 1042 4646 vicmiam
1061 4564 1218 4646 Tusciae
1236 4566 1451 4674 generalem
1469 4575 1507 4648 et
1524 4593 1614 4677 spe-

204 4689 340 4774 cialem
357 4693 593 4778 commisisse
