4326 5910
531 549 594 612 see
1056 547 1229 610 ununrcr
1255 547 1423 610 suuntur
1759 543 1842 624 [aar.
1862 543 1948 607 raas.

538 696 635 784 parte
656 699 768 760 vestra
791 685 1038 778 salutavimus,
1056 687 1183 782 gratias
1197 687 1229 760 ei
1248 689 1433 761 relerentes
1457 685 1503 762 de
1527 683 1686 760 amicitiis
1706 689 1741 758 et
1762 682 1950 756 bonoribus

538 813 639 888 vobis
654 813 820 886 exhibitis
837 823 871 886 et
888 813 1041 887 maxime
1060 813 1106 888 de
1123 835 1165 886 eo
1183 813 1279 908 qnod
1295 791 1494 910 permittere
1511 811 1623 886 noluit
1638 817 1678 884 ut
1695 809 1813 904 aliqua
1836 809 1951 882 conic-

539 937 671 1011 deratio
688 935 785 1012 fieret
802 937 891 1010 inter
907 937 1090 1034 imperium
1105 947 1141 1011 et
1158 959 1304 1032 regnum
1320 939 1543 1012 Francorum.
1565 938 1645 1034 lpse
1664 955 1747 1008 vero
1764 934 1867 1006 nobis
1881 953 1952 1006 res-

539 1065 662 1160 pondit
675 1065 773 1160 quod
793 1064 940 1138 nescivit
958 1051 1105 1158 qualiter
1128 1063 1194 1136 boc
1207 1064 1396 1156 acciderat,
1411 1063 1475 1138 sed
1493 1084 1629 1159 semper
1644 1062 1775 1136 bonum
1792 1059 1951 1132 affectum

538 1191 709 1263 habuerat
724 1189 862 1286 negotia
877 1198 990 1263 vestra
1004 1188 1248 1285 promovendi,
1264 1198 1299 1262 et
1314 1187 1411 1286 quod
1425 1189 1623 1262 inimicitias
1637 1187 1731 1282 regis
1743 1187 1953 1258 Francorum

537 1326 571 1389 et
587 1315 680 1411 regie
698 1315 838 1390 Boemie
856 1323 892 1389 et
908 1315 1053 1388 aliorum
1071 1315 1298 1410 plurimorum
1322 1323 1523 1409 magnatum
1546 1311 1728 1411 provehis
1747 1311 1949 1384 incunerat.

536 1442 634 1514 Dixit
650 1442 753 1515 etiam
775 1440 872 1536 quod
886 1463 950 1515 rex
965 1441 1174 1514 Francorum
1197 1440 1243 1514 de
1256 1441 1400 1514 concilio
1418 1441 1648 1515 Vaneolorum
1665 1435 1891 1511 incontinenti
1908 1433 1953 1508 ad

538 1567 718 1642 dominnm
732 1567 861 1663 Papam
879 1575 914 1640 et
930 1566 1170 1662 imperatorem
1187 1567 1326 1640 miserat
1341 1567 1482 1640 nuntios
1496 1587 1592 1657 suos,
1616 1585 1831 1659 conquerens
1849 1559 1896 1634 dc
1913 1581 1953 1634 eu

537 1691 634 1790 quod
656 1692 768 1765 noluit
784 1691 981 1788 permittere
997 1689 1310 1764 confederationem
1327 1691 1415 1764 inter
1436 1689 1547 1764 fllium
1564 1691 1641 1784 ejus
1664 1699 1700 1763 et
1725 1687 1841 1785 ipsum
1859 1683 1950 1778 fieri,

538 1841 608 1918 que
625 1818 671 1894 de
693 1827 784 1893 certa
805 1817 947 1892 scientia
965 1816 1097 1891 domini
1112 1817 1205 1914 Pape
1220 1818 1310 1892 inter
1326 1841 1388 1892 eos
1403 1817 1651 1915 providebatur
1666 1825 1700 1889 et
1716 1836 1823 1910 quem
1840 1813 1955 1909 impe-

538 1955 629 2020 rator
652 1945 846 2042 specialiter
859 1943 933 2017 fieri
954 1952 1155 2040 preceperat
1169 1944 1236 2041 (l).
1263 1945 1430 2018 Dominus
1442 1965 1527 2018 vero
1542 1942 1821 2038 archiepiscopus
1838 1947 1953 2012 contra

539 2093 657 2169 regem
670 2071 877 2144 Francorum
893 2067 1034 2142 domino
1049 2067 1141 2165 Pape
1153 2069 1288 2165 scripsit
1301 2091 1364 2166 per
1379 2069 1564 2166 specialem
1577 2068 1753 2160 nuntium,
1764 2067 1798 2140 ei
1814 2066 1954 2160 signans

541 2197 638 2294 quod
664 2197 775 2268 noluit
803 2194 999 2291 permittere
1016 2204 1057 2266 ut
1072 2193 1305 2268 confederatio
1328 2195 1387 2268 illa
1411 2193 1524 2288 fieret,
1542 2195 1626 2290 quia
1643 2194 1710 2268 bec
1725 2200 1816 2266 esset
1837 2199 1954 2265 contra

541 2322 722 2398 ecelesiam
737 2323 926 2394 Romanam
950 2331 985 2394 et
1000 2322 1194 2418 specialiter
1213 2333 1332 2396 oonba
1352 2345 1417 2396 vos
1429 2323 1490 2417 qui
1503 2324 1713 2420 pmtectione
1726 2317 1954 2416 suagaudere

544 2445 694 2538 debetis;
710 2455 745 2520 et
764 2446 900 2542 rogavit
915 2469 995 2519 enm
1009 2445 1106 2543 quod
1119 2469 1189 2520 non
1205 2448 1414 2544 permitteret
1429 2457 1468 2520 ut
1483 2447 1577 2521 dicta
1590 2445 1822 2520 confederatio
1834 2464 1953 2540 procc-

542 2573 651 2666 deret,
671 2572 734 2647 sed
751 2572 867 2668 potius
882 2581 997 2668 partes
1012 2595 1094 2646 suas
1116 2595 1199 2668 erga
1219 2575 1457 2670 imperatorem
1477 2573 1710 2669 interponeret
1728 2579 1769 2642 ut
1785 2569 1955 2644 consede·

541 2699 629 2773 ratio
646 2697 810 2772 intervos
824 2707 858 2770 et
875 2698 990 2794 ipsum
1003 2696 1063 2796 (de
1076 2721 1148 2795 qua
1158 2699 1346 2794 aliqnando
1359 2699 1424 2772 luit
1435 2697 1630 2794 tractatum)
1643 2703 1951 2770 consummaretur.

539 2825 697 2898 Pretsrea
713 2822 803 2897 dixit
816 2823 918 2896 nobis
928 2822 1026 2919 qnod
1040 2825 1188 2899 nuncios
1198 2817 1284 2898 ‘suos
1298 2824 1344 2900 ad
1361 2823 1541 2898 dominum
1553 2824 1791 2918 imperatorem
1803 2820 1954 2896 destina·

541 2960 650 3042 verat,
659 2957 799 3046 peracto
809 2931 954 3022 concilio
964 2948 1229 3042 devastatoris,
1237 2972 1299 3047 per
1307 2971 1396 3046 quos
1405 2949 1438 3024 ei
1450 2951 1645 3045 signaverat
1655 2946 1752 3043 qnod
1764 2945 1909 3020 nuncios
1919 2945 1954 3016 in

542 3075 706 3168 Angliam
721 3074 956 3147 transmiserat
969 3095 1118 3169 quorum
1131 3075 1322 3148 adventum
1335 3075 1548 3174 expectavit,
1561 3083 1596 3148 et
1610 3073 1706 3168 qnod
1718 3093 1834 3168 regem
1847 3071 1957 3144 Fran-

545 3219 663 3272 corum
674 3219 744 3270 non
754 3196 951 3290 exaudiret,
968 3219 1034 3272 neo
1048 3199 1184 3272 nunciis
1196 3201 1270 3274 suis
1282 3199 1425 3296 aliquod
1438 3199 1674 3296 responderet,
1684 3197 1797 3272 donec
1807 3196 1853 3271 de
1867 3219 1956 3269 nun·

542 3325 598 3397 tiis
612 3324 648 3395 in
662 3310 823 3418 Augliam
838 3320 1047 3398 transmissis
1063 3325 1305 3400 certitudinem
1319 3327 1352 3399 ei
1365 3325 1574 3400 nunciasset.
1592 3325 1714 3398 Postea
1728 3321 1774 3397 de
1786 3320 1957 3416 colloquio

542 3450 641 3524 Ulme
657 3449 750 3522 misit
763 3449 809 3524 ad
826 3449 1065 3546 imperatorem
1079 3471 1142 3547 pro
1160 3453 1298 3547 negotio
1313 3461 1428 3526 vestro
1447 3449 1670 3548 expediendo
1683 3447 1863 3523 dominnm
1877 3447 1957 3519 Rer-

544 3573 693 3647 nardum
707 3575 753 3648 de
772 3576 968 3649 Horstemar
981 3577 1048 3673 (2),
1065 3577 1127 3672 qui
1151 3576 1298 3652 fideliter
1322 3578 1543 3678 laboravit-et
1563 3576 1680 3650 adbuc
1694 3595 1756 3671 pm
1771 3593 1873 3672 posse
1894 3591 1957 3644 suo

542 3699 675 3774 laborat
691 3700 782 3774 circa
803 3703 1135 3775 consummationem
1157 3703 1251 3776 illius
1270 3704 1413 3799 negotii,
1433 3712 1473 3776 ut
1493 3723 1556 3799 per
1578 3701 1694 3798 ipsum
1715 3699 1762 3774 de
1780 3699 1958 3772 voluntate

577 4023 614 4104 (t)
633 4028 673 4085 De
691 4028 804 4087 concilio
825 4029 896 4104 apud
915 4028 1021 4088 Vallem
1037 4027 1176 4102 Celerum,
1191 4030 1245 4088 vid.
1262 4046 1344 4104 supra
1362 4047 1390 4106 p.
1413 4034 1474 4088 tlt.
1488 4029 1530 4088 Ex
1542 4030 1638 4088 litteris
1652 4029 1800 4103 legaturum
1813 4027 1958 4104 bogiorum

541 4125 613 4201 apud
625 4126 738 4200 Papam,
751 4127 787 4184 22
798 4125 948 4185 decembris
963 4129 1032 4187 4224
1047 4126 1168 4202 scriptis,
1186 4128 1250 4202 quid
1264 4129 1298 4186 ds
1311 4129 1405 4187 reista
1419 4129 1520 4188 lactum
1539 4129 1619 4186 luerit
1637 4135 1680 4188 sat
1699 4127 1770 4186 bene
1790 4133 1958 4202 compertum

541 4229 584 4282 est
595 4241 603 4280 :
616 4243 629 4278 a
641 4223 690 4281 Die
700 4223 771 4297 jovis
791 4224 911 4298 proxima
925 4225 968 4298 (tt
984 4225 1132 4300 decembr.)
1146 4229 1248 4302 recepit
1268 4229 1341 4301 Papa
1359 4227 1462 4286 litteras
1482 4227 1638 4286 Portuensie
1657 4227 1776 4303 episcopi
1796 4226 1875 4301 legati
1895 4225 1959 4284 Ale-

545 4343 558 4376 ι
575 4323 710 4394 mannici,
723 4323 796 4398 quod
814 4323 886 4381 idem
899 4325 1055 4384 Portuensis
1069 4331 1211 4385 mactatum
1225 4326 1347 4384 habitum
1361 4327 1431 4385 inter
1442 4341 1521 4401 reges
1532 4325 1687 4384 alemannie
1705 4331 1733 4384 et
1750 4325 1862 4384 Francis
1878 4339 1960 4399 super

545 4442 559 4474 n
575 4421 742 4480 matrimonio
761 4421 796 4480 dc
817 4438 870 4497 quo
885 4424 959 4482 scitis
971 4424 1121 4499 impedivit.
1140 4426 1210 4482 Dixit
1224 4431 1314 4482 tamen
1330 4425 1408 4484 nobis
1421 4427 1493 4500 Papa
1513 4425 1586 4499 quod
1600 4443 1648 4484 nex
1665 4424 1778 4483 Francis
1796 4439 1847 4498 pro
1866 4423 1959 4482 eudem

546 4539 560 4574 r
576 4521 646 4579 lacto
660 4521 773 4580 nuncios
785 4537 849 4580 suos
862 4522 896 4580 ad
909 4523 1098 4598 imperatorem
1112 4524 1210 4582 iterum
1225 4524 1389 4596 transmisit;
1404 4525 1453 4584 sed
1465 4525 1530 4599 quid
1543 4530 1655 4599 sumunt
1665 4525 1755 4582 adbuc
1767 4521 1957 4582 nescivimus.»

545 4617 598 4692 bp.
611 4616 725 4690 anaa,
740 4617 858 4677 Foedera
870 4627 895 4677 et
910 4629 1042 4692 convent,
1057 4628 1076 4677 t.
1090 4622 1156 4696 l,p.
1172 4623 1235 4680 etl.

584 4712 620 4788 (tl
638 4715 705 4774 Vide
717 4731 799 4792 supra
810 4719 934 4776 mandata
945 4720 1017 4794 regis
1029 4720 1139 4793 Angliae
1151 4737 1201 4795 pro
1212 4719 1305 4778 eodem
1316 4720 1383 4794 viro,
1396 4738 1424 4796 p.
1432 4723 1495 4780 78³.
