4324 5916
562 613 623 675 aee
1086 613 1258 676 nunnrcr
1282 613 1453 676 snrrrnr
1784 613 1865 698 [mn
1881 615 1966 678 1225.

564 761 598 822 et
616 760 723 822 terras
737 749 942 840 maritimas,
963 749 1174 823 instituimus
1191 761 1225 822 et
1246 752 1408 824 eumdem
1427 751 1459 823 ei
1480 751 1710 846 principatum
1726 753 1807 844 jure
1827 755 1966 828 aliorum

563 876 757 972 principum
781 873 1015 950 munificentia
1038 877 1145 970 regali
1164 879 1410 967 concessimus,
1431 877 1554 951 dantes
1577 879 1611 951 ei
1631 878 1869 952 authoritatem
1893 901 1968 952 mo-

562 1011 676 1074 netam
690 999 839 1075 faciendi
855 1011 889 1074 et
904 1000 1075 1076 fundandi
1091 1003 1265 1077 civitatem
1283 1003 1319 1076 in
1329 1005 1415 1098 Riga
1431 1012 1466 1077 et
1479 1003 1517 1075 in
1529 1003 1615 1076 locis
1625 1003 1703 1076 aliis
1720 1003 1758 1075 in
1771 1003 1897 1098 quihus
1910 1025 1967 1077 eas

560 1126 634 1200 lieri
653 1135 798 1221 oportet.
818 1127 854 1199 Si
875 1137 991 1201 antem
1013 1129 1049 1200 in
1065 1127 1134 1200 illis
1150 1131 1344 1203 locis'venu
1360 1129 1490 1203 metalli
1512 1129 1698 1222 cujuslibet
1715 1131 1772 1202 vel
1789 1129 1967 1204 thesaurus

558 1250 782 1326 absconditus
798 1252 901 1325 inerit
914 1265 1088 1350 repertus,
1110 1253 1145 1358 in
1163 1253 1268 1327 biset
1287 1253 1487 1348 hujusmodi
1499 1257 1558 1347 jus
1579 1262 1735 1328 nostrum
1755 1255 1904 1350 speciale
1923 1253 1965 1328 de

558 1377 701 1452 consilio
717 1377 913 1474 principum
937 1387 1132 1452 nostrorum
1149 1379 1260 1475 ipsius
1275 1377 1357 1454 fidei
1380 1379 1627 1454 commisimus.
1649 1381 1840 1454 Statuimus
1863 1379 1966 1474 igitur

557 1514 592 1578 et
607 1503 673 1577 sub
688 1503 965 1578 interminatione
978 1505 1088 1600 gratie
1102 1513 1218 1579 nostre
1235 1503 1378 1578 firmiter
1392 1505 1603 1601 precipimus
1622 1513 1795 1600 quatenus
1807 1503 1965 1600 episcopo

556 1631 795 1726 prenominato
809 1630 855 1703 de
868 1631 1030 1703 omuibus
1043 1631 1186 1722 justitiis
1203 1639 1238 1704 et
1258 1631 1449 1704 rationibus
1462 1629 1509 1704 ad
1522 1629 1672 1726 reguiam
1691 1629 1963 1724 jurisdictionem

555 1755 805 1850 pertinentibus
833 1757 1082 1852 respondeatur
1105 1765 1139 1830 et
1168 1755 1369 1852 peremnia
1396 1753 1591 1830 obediatur.
1623 1755 1748 1828 Scituri
1776 1754 1874 1850 quod
1901 1775 1965 1827 nos

555 1881 669 1977 ipsum
691 1891 856 1976 tanquam
883 1880 1046 1955 dilectum
1072 1879 1207 1976 imperii
1227 1881 1418 1978 principem
1440 1881 1573 1954 sincere
1599 1879 1798 1976 diligimus,
1826 1891 1861 1954 et
1887 1901 1966 1953 cum

556 2028 616 2103 per
649 2006 763 2102 ipsum
792 2007 987 2102 imperiales
1023 2007 1159 2080 termini
1191 2007 1376 2080 dilatentur
1401 2015 1436 2079 et
1459 2015 1633 2079 annuente
1657 2006 1804 2080 Domino
1837 2005 1962 2080 barba·

554 2152 671 2203 rorum
694 2130 879 2204 infidelitas
895 2133 982 2224 jugo
1000 2131 1124 2204 Christi
1145 2131 1360 2226 subjugetur,
1385 2131 1471 2204 nihil
1491 2152 1612 2205 eorum
1630 2131 1785 2205 omittere
1802 2131 1963 2205 uolumus

554 2279 624 2351 que
638 2256 748 2352 ipsius
763 2257 944 2330 commodo
960 2256 1156 2331 conducere
1170 2267 1333 2353 potemnt
1349 2265 1384 2330 et
1401 2257 1538 2331 honori.
1627 2291 1633 2298 ·

602 2381 715 2473 Hujus
730 2389 846 2454 autem
865 2391 981 2456 nostre
998 2385 1229 2458 concessionis
1248 2391 1351 2458 testes
1371 2393 1453 2456 sunt
1467 2382 1683 2458 venerabiles
1699 2382 1913 2457 Treuireusis
1931 2393 1964 2456 et

553 2507 812 2600 salzburgensis
826 2506 1098 2604 archiepiscopi,
1122 2507 1393 2604 herbipolensis,
1413 2506 1660 2601 Angustensis,
1677 2507 1959 2602 bambergensis,

552 2631 763 2706 Pataviensis
783 2641 818 2706 et
834 2631 1046 2706 Eistadeusis
1066 2633 1239 2732 episcopi,
1265 2631 1422 2726 dustria,
1441 2633 1604 2724 Samma,
1627 2631 1772 2706 bavarie
1788 2641 1824 2706 et
1846 2631 1962 2704 Carin-

552 2755 623 2830 thie
640 2757 760 2849 duces,
779 2755 1005 2853 laudgravius
1022 2758 1227 2855 Thuringie,
1247 2758 1355 2832 etalii
1369 2759 1593 2856 quamplures
1610 2757 1767 2850 comites,
1783 2757 1917 2832 nobiles
1929 2765 1962 2830 ct

550 2882 685 2979 imperii
705 2884 956 2958 ministeriales.

599 3011 726 3082 Datum
744 3009 841 3106 apud
855 3010 1078 3105 Noremberg,
1097 3007 1254 3083 kalendis
1270 3007 1481 3098 decembris,
1501 3007 1694 3082 indictione
1708 3005 1798 3080 XIV.

404 3605 473 3664 nna
520 3661 524 3666 .
604 3593 808 3701 hienricus,
822 3592 1082 3678 Romanorum
1095 3617 1177 3700 rex,
1193 3593 1243 3677 ad
1260 3591 1478 3703 petitionem
1492 3587 1699 3673 hermanni
1716 3585 1961 3698 Dorputensis

362 3661 511 3718 Nurcmbcrg,

357 3717 518 3763 ¹'‘¹”“¹''¹''
551 3729 732 3842 episcopi,
743 3727 954 3812 marchium
971 3751 1091 3810 unam
1102 3753 1171 3837 per
1183 3727 1442 3838 episcopatum
1459 3723 1542 3836 ejus
1557 3722 1735 3830 instituit,
1744 3721 1856 3833 eique
1873 3745 1962 3802 con-

553 3866 653 3950 cedit
669 3863 929 3948 auctoritatem
942 3871 1136 3946 monetam
1154 3858 1316 3946 faciendi
1333 3870 1373 3944 et
1388 3859 1577 3943 fundandi
1592 3858 1781 3942 ciuitatem
1798 3856 1839 3936 in
1855 3854 1960 3936 Dor-

553 4013 639 4110 pnt,
656 3999 777 4108 ipsius
791 3997 879 4082 fidei
897 3997 1136 4080 committens
1153 3995 1219 4106 jus
1241 4021 1354 4080 suum
1376 3993 1537 4106 speciale
1553 4017 1669 4104 super
1686 4015 1802 4076 uenus
1819 3986 1961 4072 metalli

553 4144 591 4220 et
610 4134 808 4218 thesauros
826 4132 1082 4216 absconditos.

634 4349 731 4428 mord.
746 4351 890 4424 Dunonr,
911 4351 1000 4430 Cor-pr
1019 4343 1239 4430 diplomatiquc,
1259 4351 1280 4406 t.
1300 4347 1332 4422 1,
1351 4361 1420 4424 pars
1435 4353 1474 4426 1¹,
1488 4361 1516 4422 p.
1537 4351 1610 4419 162,
1631 4349 1664 4403 n'
1681 4337 1801 4413 comt,
1817 4353 1855 4399 ex
1869 4335 1959 4398 lnior·

673 4462 802 4521 mattone
814 4461 891 4520 clrcu
903 4457 1058 4519 leonlam
1071 4457 1186 4536 prodita
1197 4471 1275 4516 anno
1292 4451 1393 4532 1666.)

604 4649 772 4724 Henricus
792 4647 855 4722 Dei
880 4647 988 4742 gratia
1014 4647 1245 4720 Romanorum
1269 4665 1332 4718 rex
1357 4651 1391 4718 et
1418 4660 1554 4736 semper
1578 4643 1766 4732 augustus,
1789 4629 1959 4706 uniuersis

555 4774 690 4873 imperii
712 4771 873 4846 fidelibus
889 4772 1018 4868 quibos
1038 4791 1179 4866 presens
1197 4769 1364 4865 scriptum
1384 4775 1560 4840 ostensum
1582 4761 1686 4836 lneuit
1699 4757 1845 4854 gutiam
1860 4775 1957 4828 suam
