4330 5914
192 558 296 618 nme.
314 550 376 636 ra]
642 541 841 607 ursronve
866 537 1161 602 orrnounrvcn

247 1117 438 1200 Honorius
454 1141 554 1225 papa
579 1113 768 1196 Friderico
794 1114 1054 1197 Romanorum
1071 1109 1288 1220 imperatori
1309 1109 1459 1218 roganti
1486 1116 1529 1189 ut
1558 1132 1604 1189 ea
1632 1123 1799 1223 „mh

192 1276 293 1360 quae
324 1249 520 1359 quondam
543 1247 793 1359 Raymundus
815 1272 942 1329 comes
965 1245 1175 1329 Tolosanus
1202 1243 1251 1326 ab
1272 1242 1431 1351 imperio
1456 1241 1600 1347 tenuit,

191 1382 265 1491 ipsi
282 1383 545 1488 restituantur,
565 1381 768 1490 respondet
785 1406 825 1463 se
847 1380 1018 1463 Romano
1033 1378 1160 1460 Sancti
1178 1375 1314 1487 Angeli
1332 1376 1491 1458 diacono
1508 1399 1602 1456 car-

191 1517 326 1618 dinali,
343 1517 382 1596 in
400 1515 461 1596 his
477 1512 649 1622 partibus
667 1513 894 1622 apostolieae
910 1513 1018 1594 Sedis
1035 1511 1177 1622 legate,
1187 1510 1337 1592 dedisse
1354 1509 1394 1588 in
1413 1506 1603 1590 mandatis

192 1650 297 1758 quod
311 1647 401 1757 jura
417 1645 565 1754 imperii
584 1655 824 1728 servarentur
840 1645 971 1728 illaesa
988 1655 1025 1728 et
1041 1655 1163 1726 terrae
1180 1668 1247 1752 per
1264 1643 1459 1751 episcopos
1477 1649 1604 1724 custo-

192 1782 366 1864 direntur
379 1780 593 1890 diligenter,
609 1780 744 1884 donec,
760 1777 1003 1887 inquisitione
1016 1775 1178 1887 alegate
1191 1775 1307 1882 facte,
1322 1774 1508 1858 restitutio
1522 1773 1603 1856 sine

189 1913 436 1997 incommodo
453 1911 534 1994 fieri
551 1911 684 2020 possit.

274 2125 373 2206 (Edid.
387 2128 561 2200 Barnun,
574 2123 683 2188 deuel
701 2121 808 2201 κοῖαι,
818 2131 892 2187 tom
903 2127 919 2186 Ι
930 2125 969 2186 ed
982 2142 1051 2187 enn.
1070 2121 1193 2206 1²26‚§
1206 2124 1315 2196 XXXI,
1327 2141 1344 2186 e
1356 2129 1461 2203 regest.
1474 2123 1601 2200 Honor„

311 2234 366 2296 llb.
382 2234 441 2308 xl,
456 2236 543 2312 epist.
560 2233 644 2312 ³85.)
950 2248 953 2254 ’

238 2419 428 2511 Honorius,
443 2429 526 2510 etc,
542 2420 736 2511 Frederico‚
751 2429 817 2493 etc.
830 2421 903 2493 ‘lue
919 2418 1139 2491 sublimitatis
1151 2417 1346 2490 sollicitudo
1363 2439 1431 2490 non
1447 2417 1603 2513 improbe

189 2543 377 2637 postulavit
393 2553 433 2614 ut
449 2544 622 2634 civitates,
638 2553 747 2616 castra
763 2553 797 2616 et
815 2543 882 2616 alia
899 2544 973 2616 loca
986 2544 1033 2616 ad
1050 2541 1232 2636 imperium
1248 2542 1451 2636 pertinentia
1468 2543 1504 2612 in
1523 2564 1601 2636 par·

188 2665 284 2738 tibus
299 2667 479 2740 Provincia
494 2689 535 2740 ac
550 2668 650 2762 regni
667 2667 888 2758 Arelatensis,
902 2677 937 2739 et
954 2667 1154 2739 nominatim
1172 2687 1213 2738 aa
1226 2687 1296 2760 que
1313 2665 1488 2758 quondam
1502 2667 1600 2760 Ray-

188 2789 344 2863 mundus
361 2812 476 2866 comes
493 2793 681 2864 Tolosanus
697 2791 862 2864 tennitab
873 2790 1029 2885 imperio,
1045 2789 1119 2878 tibi,
1132 2789 1207 2862 sive
1224 2787 1270 2861 ad
1284 2787 1398 2860 dilecti
1419 2786 1479 2859 tilii
1494 2791 1599 2861 nostri

186 2913 229 2986 u.
247 2915 364 2986 Sancti
375 2913 498 3008 Angeli
518 2913 655 2987 diaconi
673 2913 856 2987 cardinalis
872 2913 1057 3008 apostolice
1077 2912 1177 2985 Sedis
1198 2911 1302 3002 legati
1316 2911 1391 2982 sive
1407 2911 1453 2984 ad
1475 2914 1600 3004 cujus-

187 3058 341 3130 cumque
354 3038 494 3110 alterius
506 3059 643 3125 manus,
660 3038 839 3111 occasione
855 3037 1028 3110 exercitus
1041 3036 1120 3108 lacti
1137 3035 1182 3108 ob
1201 3033 1443 3130 extirpandum
1458 3033 1502 3106 de
1518 3057 1597 3129 par·

186 3159 283 3232 tibus
308 3159 377 3230 illis
397 3161 600 3255 pravitatem
623 3161 828 3251 hereticam,
847 3159 1061 3233 devenerunt
1081 3181 1143 3232 seu
1166 3157 1283 3232 adhuc
1297 3159 1382 3230 torte
1396 3157 1594 3249 devenient,

186 3283 321 3356 restitui
338 3285 540 3358 taceremus.
557 3285 696 3358 Noverit
713 3285 829 3379 itaque
845 3293 906 3358 tua
918 3284 1083 3357 samnitas
1095 3305 1159 3356 nos
1172 3282 1233 3377 qui
1247 3291 1307 3355 tua
1323 3291 1357 3354 et
1373 3282 1507 3378 imperii
1518 3286 1597 3376 jura

186 3406 302 3478 minui
315 3407 490 3496 nolumus,
507 3406 569 3480 sed
582 3408 716 3501 augeri,
735 3408 818 3481 viva
834 3429 920 3481 voce
932 3407 1064 3481 dixisse
1075 3406 1242 3480 cardinali
1259 3406 1427 3501 predicto,
1444 3407 1528 3480 dum
1543 3429 1598 3481 es-

187 3540 241 3604 set
259 3531 297 3601 in
320 3539 435 3604 nostra
452 3533 625 3628 presentia
649 3532 873 3623 constitutus,
893 3553 935 3606 ac
951 3531 1172 3626 postmodum
1188 3529 1302 3603 eidem
1319 3531 1440 3605 litteris
1463 3543 1600 3627 aposto-

183 3653 263 3727 licis
286 3653 508 3729 mandavisse
524 3653 578 3752 (t)
595 3655 692 3751 quod
718 3657 920 3729 volebamus
943 3669 1066 3729 terram
1084 3656 1177 3728 illam
1195 3655 1246 3728 sie
1263 3654 1411 3729 heretica
1430 3659 1600 3753 pravitate

183 3780 386 3875 purgarint
399 3782 479 3873 jura
496 3781 631 3877 imperii
642 3790 861 3854 servarentur
878 3781 987 3853 illese.
1005 3780 1099 3853 Licet
1117 3781 1221 3874 igitur
1236 3789 1296 3852 tua
1310 3780 1428 3875 petitio
1443 3805 1464 3854 a
1483 3792 1598 3856 nostro

181 3901 364 3997 proposito
382 3923 453 3976 nou
474 3902 660 3995 discordet,
677 3903 925 3976 restitutionem
941 3911 1056 3974 umen
1072 3902 1270 3996 hujusmodi
1288 3904 1512 3998 providemus
1529 3904 1598 3977 dil·

181 4023 383 4115 tereudam,
404 4024 515 4099 donec
538 4047 608 4121 qne
629 4035 718 4100 terre
741 4027 788 4100 ad
806 4026 988 4122 imperium
1007 4026 1043 4096 in
1062 4027 1219 4121 partibus
1247 4027 1315 4098 illis
1338 4027 1531 4122 pertineant
1556 4050 1598 4101 ac

181 4149 290 4221 totius
313 4150 441 4242 negotii
459 4151 713 4224 circumstantie
737 4171 800 4246 per
822 4150 1021 4223 relationem
1044 4150 1153 4245 ipsius
1170 4152 1273 4244 legati
1289 4153 1425 4246 plenius
1441 4152 1596 4224 innotes-

180 4281 275 4345 cant.
296 4273 367 4369 lpsi
382 4283 499 4348 eutem
518 4275 684 4349 cardinali
703 4275 749 4348 ad
769 4296 911 4370 presens
933 4297 994 4369 per
1017 4275 1144 4370 scripta
1162 4285 1277 4348 nostra
1295 4275 1539 4348 mendavimus
1558 4286 1597 4348 ut

180 4404 294 4468 terras
312 4396 360 4470 ad
376 4397 490 4494 ipsum
504 4398 687 4494 imperium
700 4398 908 4494 pertinentes
923 4398 960 4469 in
973 4419 1036 4470 sua
1048 4408 1083 4470 et
1093 4398 1244 4471 Ecclesia
1256 4407 1422 4495 potestate
1436 4399 1592 4490 retineat,

1035 4569 1238 4578 ..ι-*η
1244 4570 1376 4578 -..--...-
1382 4571 1587 4580 ...affl—...-

219 4649 257 4725 (t)
275 4650 438 4710 thauthee
455 4651 622 4728 pontificales
634 4652 738 4712 litterae
750 4651 779 4709 in
791 4653 886 4711 eodem
898 4652 997 4726 regesti
1011 4652 1096 4726 libro,
1116 4653 1167 4712 suh
1181 4662 1213 4712 u⁰
1225 4653 1287 4714 27⁴.
