4466 5914
305 600 403 660 uste.
423 597 484 676 rs]
580 551 584 568 '
757 579 955 650 ursrontn
980 587 1271 652 nruunuarrcn.
1660 591 1721 654 cer

305 735 402 808 nullo
419 751 541 806 eorum
558 726 655 824 apud
666 725 785 800 Odislc
804 724 1001 798 theloneum
1022 726 1196 820 exigatur.
1208 726 1437 800 Couoedimus
1455 726 1597 822 insuper
1612 727 1664 800 eis
1678 737 1718 801 ut

306 860 343 932 in
360 860 436 953 ipsa
456 855 595 928 civitate
610 861 782 924 monetam
808 851 875 922 sub
896 857 1066 924 caractere
1092 851 1198 924 nostri
1223 851 1373 924 nominis
1400 853 1512 926 iacere
1533 860 1568 926 st
1589 851 1718 927 cudere

306 983 474 1070 debeant,
494 1000 565 1074 que
586 985 740 1072 tempore
757 975 828 1048 vite
852 985 966 1048 nostre
992 983 1027 1048 et
1050 975 1187 1048 Heurici
1212 977 1443 1049 Romanorum
1465 977 1557 1072 regis
1573 977 1717 1052 illustris

307 1105 477 1182 karissimi
499 1103 562 1176 dlii
583 1101 691 1176 nostri
711 1099 868 1174 similiter
883 1099 1104 1196 perdurabit,
1131 1107 1166 1172 et
1182 1101 1228 1172 ob
1245 1101 1310 1172 boc
1328 1101 1474 1196 singuiis
1491 1103 1593 1176 annis
1613 1125 1717 1178 sexu·

307 1233 405 1327 ginta
424 1229 582 1304 mambae
599 1225 733 1321 argenti
750 1235 865 1298 nostre
888 1225 983 1299 curie
1000 1226 1228 1299 exhibebunt.
1246 1225 1464 1300 adveniente
1487 1237 1603 1302 numm
1625 1249 1718 1304 novo

309 1359 346 1430 iu
376 1365 553 1452 posterum
582 1371 800 1442 successore,
828 1349 895 1422 snb
924 1348 1047 1424 eodem
1070 1371 1176 1424 censu
1199 1359 1234 1424 et
1251 1351 1331 1443 jure
1356 1360 1493 1426 moneta
1516 1353 1592 1448 ipsu
1617 1375 1719 1428 reno·

309 1483 449 1556 rabitur
475 1481 547 1555 vite
576 1500 640 1552 sue
662 1487 817 1572 tempure
840 1476 1022 1568 duratura,
1046 1483 1081 1548 et
1107 1477 1158 1548 sic
1181 1475 1226 1550 de
1245 1476 1392 1570 singulis
1412 1477 1448 1549 in
1467 1477 1623 1572 singulos
1637 1501 1719 1552 suc·

308 1629 460 1682 cessores
477 1613 611 1679 nostros
633 1603 679 1677 de
702 1609 839 1676 moneta
856 1601 931 1696 ipsn
947 1601 1147 1690 statuimus,
1168 1611 1207 1672 ut
1224 1601 1418 1698 pradictum
1435 1612 1505 1693 est,
1525 1605 1715 1678 observari.

308 1731 497 1804 statuimus
513 1731 655 1824 insuper
674 1735 710 1800 et
730 1725 954 1800 concedimus
972 1726 1023 1798 eis
1042 1735 1081 1798 ut
1096 1747 1161 1798 nec
1176 1746 1239 1798 nos
1252 1747 1317 1800 nec
1333 1727 1459 1822 aliquis
1476 1727 1717 1824 imperatorum

309 1876 545 1928 successorum
561 1862 757 1926 nostrorum
774 1853 820 1926 ab
840 1851 891 1924 eis
904 1849 1044 1924 obsides
1061 1850 1199 1944 exiget3
1218 1851 1281 1924 sed
1299 1850 1344 1925 de
1362 1850 1526 1926 fidelitate
1545 1855 1719 1930 servanda

309 1980 453 2076 imperio
471 1981 543 2053 solo
564 1981 760 2074 juramento
780 1999 899 2050 eorum
915 1984 1023 2048 stetur
1040 1987 1075 2048 et
1094 1974 1182 2049 fides
1199 1975 1420 2050 adhibeatur.
1435 1977 1562 2052 Omnes
1577 1980 1719 2076 insuper

310 2104 538 2198 negotiatores
559 2101 679 2178 fideles
700 2101 878 2175 venientes
905 2100 953 2174 ud
974 2101 1149 2173 civitatem
1175 2101 1285 2196 ipsam
1306 2099 1381 2173 sive
1404 2121 1466 2197 per
1489 2109 1614 2176 terram
1641 2103 1719 2178 sive

310 2251 371 2326 per
387 2251 514 2324 uquam
538 2250 600 2324 pru
623 2227 920 2323 negociationibus
937 2226 1010 2298 suis
1030 2227 1126 2298 salve
1143 2247 1279 2321 semper
1295 2225 1439 2298 veniant
1464 2233 1499 2298 et
1521 2247 1641 2301 secure
1662 2249 1719 2303 re-

310 2354 449 2440 cedant,
472 2351 664 2426 dummodo
680 2353 817 2426 solvant
838 2352 898 2444 jus
920 2350 1075 2424 debitum
1094 2349 1190 2446 quod
1208 2359 1380 2423 tenentur.
1400 2351 1546 2446 Insuper
1563 2353 1720 2448 burgen-

310 2500 365 2551 ses
382 2477 591 2552 Lubiceuses
604 2476 749 2574 predicti
761 2474 849 2572 (sic),
861 2483 984 2548 euntes
998 2473 1210 2570 quandoque
1228 2475 1265 2547 in
1283 2475 1458 2570 Angliam,
1477 2475 1522 2549 ab
1538 2477 1596 2550 iilo
1611 2499 1720 2574 prauo

310 2603 421 2676 nbusu
446 2611 482 2676 et
505 2601 697 2676 exactionis
721 2621 826 2674 onere
850 2599 946 2695 quod
970 2599 1187 2672 colonienses
1213 2611 1248 2672 et
1272 2600 1430 2673 Teleuses
1447 2609 1616 2674 eteorum
1636 2603 1721 2676 socii

311 2737 427 2802 contra
453 2727 549 2824 ipsus
574 2727 748 2800 invenisse
772 2725 937 2798 dicuntur
958 2725 1099 2798 omnino
1121 2724 1351 2816 absolvimus,
1375 2724 1474 2798 illum
1498 2728 1636 2822 penitus
1659 2727 1723 2802 de-

311 2854 418 2926 lentes
438 2855 605 2945 abusum,
632 2853 696 2927 sed
717 2853 776 2925 ilio
788 2857 867 2945 jura
887 2862 922 2925 et
938 2851 1136 2926 conditione
1151 2851 1434 2946 utanturquibus
1450 2851 1668 2927 colonienses
1688 2865 1724 2929 et

312 2979 468 3052 Teleuses
489 2987 523 3052 et
544 3000 665 3053 eorum
688 2978 774 3051 socii
797 2977 849 3050 uti
875 2987 1076 3050 noscuntur.
1098 2975 1327 3048 Concedimus
1351 2984 1466 3048 autem
1493 2977 1545 3050 eis
1571 2979 1722 3053 insulam

311 3103 408 3176 sitam
423 3113 540 3176 contra
554 3113 705 3178 manum
721 3100 1007 3176 Trnveuemuude
1019 3123 1089 3196 que
1106 3101 1255 3174 Priwoic
1267 3101 1475 3194 nominatur,
1482 3103 1562 3195 jure
1572 3103 1721 3179 civitatis

312 3227 355 3301 de
369 3237 482 3302 cetero
490 3229 736 3324 possidendam
745 3225 1048 3324 quodWicbeIede
1058 3227 1196 3300 dicitur.
1203 3227 1372 3299 Volumus
1387 3225 1528 3324 insuper
1536 3238 1571 3302 et
1579 3227 1721 3306 firmiter

310 3351 484 3426 observari
499 3354 710 3449 precipimus
733 3353 883 3426 utnulla
906 3373 1053 3448 persona
1071 3353 1140 3425 uita
1161 3353 1218 3426 vel
1242 3352 1400 3444 humitis,
1417 3355 1648 3430 ecclesiastica
1663 3357 1721 3430 vei

311 3477 488 3566 muniaris,
508 3487 687 3573 presumat
710 3477 782 3552 ullo
803 3488 956 3574 tempore
969 3477 1195 3550 munitionem
1210 3475 1371 3550 edificare
1385 3478 1441 3550 vel
1460 3488 1608 3552 cestrum
1620 3483 1723 3574 juxta

311 3601 437 3674 ssumen
453 3604 626 3698 Trarene,
646 3604 784 3700 abipsa
802 3604 942 3677 civitate
957 3585 1117 3700 supembs
1135 3624 1246 3698 usque
1264 3611 1378 3675 crtum
1394 3603 1504 3698 ipsius
1518 3605 1672 3680 fluminis
1689 3615 1724 3680 et

311 3724 355 3796 ab
381 3727 458 3822 ipsu
485 3728 624 3802 civitate
642 3729 786 3802 interius
804 3751 918 3824 usque
935 3729 981 3803 ud
1005 3749 1100 3802 mare
1120 3739 1155 3801 et
1176 3749 1223 3800 ex
1243 3739 1390 3825 utruque
1413 3739 1510 3824 parte
1536 3753 1648 3828 usque
1676 3733 1723 3808 ad

310 3849 455 3923 miliaria
472 3852 560 3944 duo,
585 3852 774 3927 districtius
801 3854 995 3927 inhibentes
1019 3867 1059 3926 ut
1079 3854 1197 3926 nullus
1220 3862 1403 3927 extraneus
1422 3853 1613 3928 advocatus
1635 3857 1724 3932 inira

289 3976 472 4048 terminus
499 3975 647 4049 civitatis
684 3977 842 4070 ejusdem
871 3979 1088 4054 advocatiam
1116 4001 1237 4074 regere
1267 3981 1323 4052 vel
1350 3979 1525 4072 justiciam
1560 4003 1722 4058 exercere

312 4107 498 4192 presumat.
519 4101 563 4172 Et
578 4102 744 4196 quoniam
766 4103 998 4196 burgensibus
1019 4103 1184 4199 predictis
1209 4101 1254 4176 ab
1279 4103 1441 4176 omnibus
1462 4105 1580 4200 pravis
1605 4115 1641 4180 et
1667 4107 1722 4180 in-

311 4221 434 4296 debitis
456 4225 697 4298 exactionibus
721 4226 767 4300 de
791 4237 903 4301 cetero
930 4229 1092 4302 volumus
1113 4249 1317 4323 precavere,
1337 4222 1720 4326 'firmiterprobibsmus

310 4367 355 4417 ne
381 4369 443 4443 per
472 4358 580 4422 totum
603 4349 767 4424 ducatum
790 4353 940 4426 Saxonis
962 4353 1020 4426 illa
1043 4354 1179 4425 exactio
1203 4374 1273 4448 que
1296 4355 1414 4448 ungelt
1433 4354 1562 4428 dicitur·
1583 4360 1721 4434 tollatur

309 4491 371 4544 seu
385 4475 545 4568 exigatur
557 4477 603 4549 ab
619 4477 683 4550 eis.
701 4477 823 4552 Nullus
839 4489 994 4575 preterea
1011 4479 1191 4575 princeps,
1209 4477 1371 4551 dominus
1386 4501 1449 4552 seu
1467 4483 1593 4556 nobilis
1614 4486 1719 4580 adja-

309 4599 458 4672 centium
486 4601 741 4697 provinciarum
769 4603 937 4700 impedire
965 4613 1140 4700 presumat
1169 4604 1356 4698 quominus
1382 4607 1574 4683 noeeuria
1600 4612 1717 4686 unde·

310 4743 458 4818 cumque
474 4727 519 4800 ed
538 4728 712 4802 civitatem
729 4730 953 4803 Lubiuenssm
977 4727 1150 4803 ducantur
1164 4728 1240 4802 sire
1256 4728 1301 4804 de
1318 4730 1552 4830 Hamenburc,
1572 4737 1648 4811 sive
1672 4737 1717 4813 de
