4330 5914
538 605 599 667 7³24
1063 608 1235 669 HENlllCl
1261 607 1432 671 ssrllltl
1766 605 1848 689 [Anu.
1868 609 1954 672 1221.

541 751 696 816 nostrum
712 765 776 840 per
792 765 934 816 manum
951 743 1084 817 domini
1101 744 1193 840 regis
1208 743 1428 818 donationem
1447 743 1616 836 regalium
1632 743 1815 835 obtineret,
1836 753 1958 842 utpote

541 867 789 942 rationabiliter
810 877 845 942 et
867 869 1095 942 communiter
1114 869 1245 942 electus
1262 892 1283 943 a
1299 891 1364 943 sno
1383 869 1551 966 capitulo,
1575 869 1672 965 apud
1691 869 1787 964 quod
1806 879 1960 966 potestas

539 993 667 1066 residet
694 993 895 1090 episcopum
923 993 1093 1088 eligendi,
1124 1015 1202 1066 cum
1232 993 1325 1068 idem
1360 991 1524 1068 dominns
1554 1015 1619 1066 rex
1647 1014 1710 1090 per
1740 994 1959 1068 voluntatem

541 1116 673 1191 domini
703 1118 811 1190 nostri
836 1117 1046 1191 serenissimi
1077 1118 1293 1214 imperatoris
1318 1127 1353 1192 et
1382 1117 1577 1216 principum
1600 1139 1805 1192 eonsensum
1833 1117 1959 1192 endem

540 1245 740 1318 conserendi
770 1245 959 1341 plenariam
990 1245 1118 1318 babeat
1141 1257 1358 1341 potestatem.
1383 1245 1438 1318 llx
1459 1243 1607 1320 adverso
1635 1255 1750 1320 antem
1777 1244 1960 1321 Conradns

540 1371 749 1444 marscalcus
766 1380 801 1442 et
820 1370 991 1442 Ekbertns
1011 1370 1155 1458 milites,
1176 1369 1417 1444 ministeriales
1435 1370 1750 1462 ffildcnssmenscs,
1771 1391 1817 1442 ex
1839 1393 1904 1444 sua
1924 1380 1961 1445 et

539 1517 682 1568 suornm
700 1495 1052 1579 comministerialinm
1072 1503 1169 1591 parte
1186 1494 1354 1589 rogabant
1376 1495 1540 1568 attentius
1560 1517 1605 1568 no
1628 1493 1667 1567 id
1690 1496 1901 1584 faceremus,
1924 1507 1961 1570 ct

540 1621 636 1716 qnod
658 1620 822 1694 dominus
841 1642 905 1693 rex
924 1619 1080 1715 petitioni
1105 1619 1206 1692 electi
1229 1619 1422 1692 consentire
1440 1641 1509 1692 non
1531 1617 1693 1708 deberet,
1712 1641 1776 1714 pro
1799 1641 1842 1693 eo
1858 1619 1960 1715 qnod

539 1747 590 1818 eis
605 1745 641 1817 in
655 1747 823 1820 electione
837 1746 948 1842 ipsius
964 1747 1054 1819 iacta
1071 1754 1161 1818 esset
1175 1744 1314 1837 injuria,
1326 1745 1386 1839 qui
1396 1767 1442 1818 ex
1447 1749 1527 1840 jure
1538 1755 1572 1820 et
1582 1746 1685 1838 longa
1701 1744 1961 1820 consuetudine

540 1870 577 1942 in
606 1870 772 1944 electione
801 1869 1041 1966 episcoporum
1067 1868 1403 1943 Hildensemensium
1423 1870 1592 1964 justitiam
1614 1869 1828 1942 habuissent.
1852 1869 1961 1955 Quod

540 1995 623 2090 quia
640 2005 709 2070 tam
727 1995 829 2070 nobis
849 2017 955 2090 quam
973 1993 1136 2068 omnibns
1150 1993 1333 2068 comitibus
1351 2003 1387 2066 et
1407 1993 1585 2067 nobilibus
1607 1993 1743 2090 imperii
1766 2015 1900 2068 necnon
1924 2007 1962 2068 et

540 2120 762 2194 ecclesiarum
774 2116 1057 2192 ministerialibus
1065 2119 1125 2213 qui
1139 2119 1238 2190 multi
1248 2125 1424 2213 presentes
1434 2127 1531 2192 erant
1542 2117 1789 2192 inconveniens
1803 2127 1840 2191 et
1852 2117 1961 2192 inau-

541 2244 652 2317 ditum
671 2251 705 2318 et
721 2253 838 2318 contra
857 2265 1075 2318 communem
1096 2245 1251 2316 omnium
1272 2244 1493 2318 ecclesiarum
1511 2243 1680 2336 justitiam
1699 2239 1900 2337 videbatur,
1920 2245 1960 2317 in

539 2369 607 2441 hoc
626 2389 687 2442 eos
711 2367 855 2441 minime
882 2367 1050 2441 duximus
1075 2368 1330 2442 exaudiendos.
1359 2369 1476 2454 Quum
1501 2367 1608 2464 igitur
1629 2370 1761 2466 prelato
1786 2370 1899 2444 electo
1924 2380 1961 2444 et

541 2493 685 2567 ecclesie
701 2491 975 2566 Hildensemensi
991 2491 1027 2564 in
1043 2513 1107 2566 sno
1116 2494 1212 2587 jure,
1233 2493 1330 2588 quod
1344 2501 1501 2568 nostrum
1519 2502 1735 2590 reputamus,
1755 2493 1877 2568 deesse
1892 2517 1960 2568 neo

539 2640 724 2716 possumus
740 2640 805 2692 nec
817 2617 998 2712 volumus,
1025 2617 1088 2692 sed
1111 2617 1222 2713 magis
1241 2616 1377 2710 adesse,
1395 2639 1517 2693 omnes
1540 2640 1604 2693 vos
1625 2639 1789 2712 rogamus
1813 2629 1849 2693 et
1872 2642 1961 2694 mo-

541 2765 666 2818 nemus
689 2743 853 2818 attentius
882 2753 917 2816 et
939 2743 1153 2816 consulimus
1172 2743 1208 2815 in
1233 2744 1380 2817 Domino
1403 2757 1440 2815 nt
1458 2765 1628 2818 memores
1645 2744 1766 2818 salutis
1782 2752 1902 2817 vestre
1925 2754 1961 2818 et

540 2869 684 2944 ecclesie
702 2869 759 2944 cui
785 2869 972 2958 tenemini,
990 2867 1037 2942 ad
1063 2871 1216 2942 savorem
1234 2878 1270 2942 et
1286 2867 1493 2966 obsequium
1514 2869 1612 2942 electi
1627 2867 1784 2962 ejusdem
1808 2869 1962 2944 libenter

539 2993 734 3087 aocedatis;
761 3015 866 3089 quarn
889 2993 1138 3090 promotionem
1166 2993 1232 3089 ipsi
1256 2993 1400 3066 ecclesie
1423 3001 1538 3066 vestre
1562 3002 1597 3066 et
1621 2993 1784 3066 omnibns
1804 2991 1852 3066 ad
1877 3016 1959 3068 eam

538 3121 788 3218 pertinentibus
817 3129 888 3193 tam
920 3118 1017 3216 apud
1049 3117 1232 3214 imperium
1260 3141 1367 3214 quam
1393 3118 1582 3192 Ecclesiam
1609 3119 1799 3192 Romanam
1828 3127 1865 3190 et
1892 3141 1961 3193 nos

538 3267 659 3318 omnes
677 3245 866 3342 plurimum
887 3245 1100 3340 prolaturam
1126 3264 1195 3314 non
1218 3241 1430 3314 dubitamus.
1449 3241 1611 3338 Alioquin
1628 3241 1659 3314 si
1674 3241 1775 3316 vobis
1791 3242 1960 3335 injuriam

540 3373 576 3443 in
593 3371 786 3444 bisfactum
801 3390 877 3442 esse
892 3365 1118 3456 contenditis,
1135 3366 1252 3440 sciatis
1272 3387 1335 3439 nos
1358 3365 1567 3462 colloquium
1587 3365 1784 3462 principum
1807 3366 1844 3437 in
1867 3367 1960 3440 festo

539 3497 649 3570 sancti
665 3495 781 3591 Egidii
800 3493 852 3592 (l)
871 3493 1106 3568 Frankenrurt
1131 3491 1316 3583 indixisse;
1338 3512 1428 3586 quo,
1446 3492 1476 3564 si
1499 3491 1634 3587 placet,
1652 3491 1773 3564 venire
1799 3489 1958 3588 poteritis

539 3642 655 3694 coram
678 3621 820 3694 domino
843 3630 960 3694 nostro
977 3639 1060 3714 rege
1084 3626 1120 3690 et
1142 3616 1357 3714 principibus
1378 3638 1527 3713 quorum
1547 3619 1663 3714 plnres
1681 3617 1765 3690 illuc
1788 3625 1959 3690 venturus

539 3767 615 3820 esse
631 3767 826 3840 speramus,
843 3745 976 3838 justitie
992 3741 1243 3840 plenitudinem
1261 3743 1446 3839 recepturi.

589 3866 743 3970 [Adsunt
762 3868 859 3967 apud
880 3871 1067 3961 Scnnnnnr,
1093 3867 1239 3941 liudem.
1257 3868 1380 3960 litter„
1406 3869 1438 3962 l,
1461 3871 1551 3961 t9l,
1572 3889 1619 3941 ex
1634 3865 1758 3942 eodem
1780 3867 1876 3940 ionte
1901 3867 1959 3938 lit·

537 4005 632 4070 terae
647 3995 777 4070 tenoris
792 3995 950 4089 ejusdem
964 3993 1009 4068 ab
1025 3992 1156 4066 eisdem
1174 3993 1321 4066 ilenrico
1337 3993 1411 4088 regi
1426 3987 1607 4090 directae]

576 4335 611 4412 (4)
631 4335 739 4398 Scilicet
749 4337 836 4413 primo
849 4337 893 4395 die
904 4333 1075 4411 septembris.
1088 4334 1128 4392 De
1139 4331 1191 4392 ista
1202 4339 1292 4391 umen
1306 4333 1381 4391 curia
1391 4331 1458 4390 nibil
1470 4335 1638 4406 compertum
1651 4334 1702 4388 est.
