4466 5914
511 543 573 608 652
1009 555 1228 616 turbemer
1252 553 1427 616 SECUNM
1737 551 1814 638 [dus.
1832 555 1918 618 iffi

513 679 630 754 deriso
649 685 711 757 Dei
733 689 842 781 gretia
865 689 1092 764 invictissimo
1109 693 1340 764 Romanorum
1363 691 1585 786 imperatore,
1604 709 1741 784 semper
1756 701 1917 786 anemio,

513 804 701 880 Jerusalem
715 819 750 882 et
764 812 880 886 Sicilie
897 835 979 909 rege
996 816 1157 909 glorioso,
1176 837 1268 889 anno
1283 813 1419 910 imperii
1438 817 1514 906 ejus
1531 822 1645 896 sexto,
1659 815 1919 888 lerosobmitani

514 931 613 1026 regni
630 933 754 1028 primo,
771 937 885 1011 Sicilie
898 961 982 1012 vero
995 963 1087 1013 anno
1099 941 1266 1014 vicesimo
1282 961 1388 1028 nono,
1410 937 1564 1012 feliciter.
1583 936 1707 1010 Amen.

561 1058 685 1132 Datum
707 1061 804 1156 apud
820 1064 975 1157 Burgum
998 1065 1112 1138 Sancti
1130 1065 1273 1158 bonini,
1294 1083 1405 1156 anno,
1430 1083 1551 1136 mense
1572 1070 1608 1135 et
1631 1061 1820 1136 indictione
1842 1083 1921 1158 pre·

511 1182 659 1280 seriptis.

379 1779 392 1808 n
415 1671 425 1702 ¹
565 1673 796 1784 Fridericus,
816 1677 1077 1764 Romanorum
1094 1683 1315 1790 imperator,
1334 1708 1405 1793 pro
1427 1681 1550 1792 gratis
1576 1680 1737 1764 servitiis
1757 1679 1920 1763 Gonredi

407 1797 451 1864 ⁰·'
511 1807 834 1894 Hildeshemensis
847 1812 1033 1923 episcopi,
1052 1815 1086 1897 ei
1105 1825 1143 1896 et
1161 1815 1532 1925 successoribussjus
1545 1815 1717 1897 concedit
1729 1813 1770 1895 in
1783 1839 1922 1922 perpe·

511 1949 623 2024 tuum
636 1955 679 2025 ut
691 1945 893 2027 decedente
902 1946 1078 2054 episcopo
1092 1973 1163 2029 nec
1175 1947 1255 2056 ipsc
1264 1974 1335 2031 nec
1343 1948 1482 2058 aliquis
1492 1971 1752 2032 successorum
1762 1971 1918 2030 suorum

510 2071 613 2156 boun
642 2076 799 2159 mobilia
825 2087 862 2160 et
891 2079 1066 2160 utensilia
1092 2081 1231 2163 domus
1258 2081 1480 2190 episcopalis
1504 2081 1653 2164 auferre
1678 2087 1916 2189 praesumat,

510 2207 609 2291 sicut
617 2208 699 2318 jam
712 2211 1022 2319 praecedentibus
1039 2213 1173 2297 litteris
1188 2213 1499 2299 ministerialibus
1513 2226 1551 2298 et
1563 2213 1736 2298 officiatis
1749 2212 1918 2324 ejusdem

509 2340 688 2426 ecelesiae
703 2346 864 2428 duxerat
880 2345 1145 2430 inhibendum.

592 2583 688 2694 (Edit.
698 2603 745 2666 ap.
760 2589 964 2665 Humanae,
979 2591 1059 2653 tter.
1076 2589 1235 2653 (laudm
1250 2589 1383 2673 diplom„
1397 2593 1467 2655 diss.
1485 2593 1531 2667 11,
1545 2609 1577 2670 p.
1593 2590 1672 2672 tto.)

559 2801 762 2876 Frcdcricus
777 2805 839 2878 Dei
857 2805 966 2900 gretia
985 2807 1215 2880 Romanorum
1237 2808 1439 2904 imperator,
1458 2829 1595 2902 semper
1614 2815 1800 2899 angustus,
1821 2807 1920 2878 Jeru-

510 2926 617 3000 salem
635 2937 669 3000 ct
686 2928 799 3002 Sicilie
815 2951 890 3002 rex.
913 2931 978 3003 Per
993 2952 1134 3025 presens
1151 2933 1314 3027 scriptum
1333 2943 1453 3006 notum
1478 2932 1623 3006 tacimus
1638 2930 1810 3005 universis
1832 2928 1920 3003 fide-

511 3051 602 3124 libus
622 3053 747 3126 nostris
763 3074 825 3149 per
842 3053 1026 3150 imperium
1041 3057 1234 3128 constitutis
1248 3067 1319 3130 tam
1336 3057 1555 3152 presentibus
1568 3077 1673 3150 qnam
1686 3055 1812 3128 futuris
1824 3052 1920 3150 quod

511 3197 574 3249 uos
589 3175 804 3250 attendentes
823 3176 906 3250 fidei
922 3199 1084 3272 magnam
1101 3181 1328 3253 constentiam
1348 3179 1496 3254 Conradi
1514 3179 1722 3254 venerabilis
1738 3177 1918 3253 llildeshe-

510 3301 640 3373 mensis
648 3301 815 3396 episcopi,
826 3299 942 3374 dilecti
952 3302 1117 3398 principis
1131 3305 1251 3396 nostri,
1262 3325 1368 3400 quam
1377 3305 1610 3402 multipliciter
1622 3306 1729 3376 immo
1739 3303 1921 3376 efficaciter

511 3427 548 3498 in
564 3425 689 3500 nostris
707 3427 857 3499 servitiis
872 3437 907 3500 et
923 3427 1113 3502 bonoribus
1129 3431 1200 3522 jam
1216 3431 1334 3526 sepius
1351 3453 1472 3504 sumne
1492 3429 1644 3526 experti,
1663 3428 1920 3502 considerantes

511 3549 615 3624 etiam
630 3571 758 3644 magne
777 3559 812 3624 et
833 3561 929 3646 mata
951 3553 1090 3626 servitia
1109 3557 1185 3648 ejus
1203 3576 1272 3648 que
1290 3555 1445 3651 quotidie
1465 3563 1580 3628 nostre
1600 3552 1796 3626 celsitudini
1814 3553 1921 3625 exbi-

511 3674 595 3748 bete
610 3695 679 3747 non
697 3685 825 3768 cessat,
846 3698 926 3750 cnm
943 3687 1037 3750 mum
1056 3687 1090 3751 st
1109 3679 1190 3752 talia
1205 3689 1288 3751 sunt
1300 3678 1396 3776 apud
1413 3701 1477 3752 nos
1497 3679 1617 3752 merita
1637 3699 1781 3773 persone
1801 3697 1866 3750 sue
1881 3687 1921 3749 ut

511 3821 581 3874 non
600 3801 711 3873 solnm
728 3800 821 3874 idern
842 3802 1026 3899 episcopus
1043 3825 1122 3876 cum
1137 3805 1214 3896 ejus
1233 3805 1375 3878 ecclesie
1392 3804 1598 3900 proprietate
1612 3801 1781 3876 beneficia
1796 3801 1919 3874 libera·

510 3925 616 3998 litatis
635 3935 770 4018 nostre,
789 3927 985 4000 tumetium
1004 3927 1259 4022 magnificentie
1274 3937 1458 4020 mereatur,
1476 3927 1698 4002 concedimus
1715 3925 1827 3999 eidem
1847 3925 1918 3998 Hil-

512 4049 728 4124 deshemensi
747 4051 922 4146 episcopo,
939 4053 1082 4124 ecclesie
1096 4075 1160 4126 sue
1175 4063 1210 4126 at
1224 4053 1481 4126 successoribus
1496 4053 1571 4144 ejus
1587 4051 1623 4122 in
1639 4058 1843 4145 perpetuum
1860 4057 1915 4140 ut,

511 4175 587 4248 sire
611 4175 734 4249 eodem
755 4175 918 4272 episcopo
941 4176 1016 4250 sive
1038 4177 1112 4250 suis
1134 4179 1390 4250 suecessoribus
1412 4175 1676 4265 decedentibus,
1694 4195 1759 4246 nec
1775 4193 1840 4246 nos
1856 4192 1921 4244 nec

511 4301 637 4395 aliquis
656 4321 892 4374 successorum
914 4311 1107 4376 nostrorum
1128 4303 1359 4376 Romanorum
1382 4303 1626 4398 imperatorum
1646 4300 1703 4373 vel
1720 4319 1842 4392 Qum
1860 4305 1921 4370 aut

513 4425 639 4520 aliquis
657 4424 796 4498 nomine
809 4435 843 4498 et
858 4427 1058 4501 auctoritate
1073 4439 1189 4502 nostra
1210 4428 1267 4502 vel
1282 4449 1519 4501 successorum
1532 4435 1726 4500 nestrorum
1742 4423 1835 4496 bona
1848 4441 1921 4494 mo·

513 4549 595 4624 bilia
613 4559 648 4622 ct
665 4549 827 4622 utensilia
848 4551 973 4626 domus
990 4552 1283 4628 Hildcsbcmensis
1303 4553 1456 4650 episcopi
1475 4573 1596 4648 rapere
1616 4551 1672 4622 vel
1690 4549 1826 4622 aniene
1844 4565 1921 4642 pre·

515 4682 646 4766 sumat;
663 4673 725 4747 ssd
739 4677 853 4748 omnia
869 4677 1001 4772 integre
1017 4690 1175 4751 maneant
1188 4689 1223 4752 et
1234 4679 1351 4774 quieta
1361 4679 1408 4752 ad
1420 4699 1509 4774 opus
1522 4675 1675 4772 episcopi
1688 4669 1917 4761 suwdentis,
