4330 5914
538 557 600 620 682
1039 557 1257 618 iaiuuaici
1282 557 1457 619 sitcbiibi
1755 557 1838 636 [dau.
1858 557 1941 617 1226.

540 690 729 766 heredibus
751 692 827 784 ejus
849 692 965 765 omnia
984 691 1165 788 privilegia
1181 692 1455 765 antecessoribus
1471 689 1545 762 suia
1559 712 1581 762 a
1595 691 1685 762 clare
1701 692 1868 764 memorie
1880 693 1944 764 lic

541 835 721 886 manorum
748 813 962 909 principibus
985 813 1288 909 predecessoribus
1310 813 1435 886 nostrie
1462 813 1596 887 indulta
1621 835 1781 886 necnon
1805 837 1944 888 muces-

540 936 656 1010 sioues
670 943 704 1010 et
720 935 923 1010 donationes
937 939 1044 1011 factm
1057 938 1331 1010 antecessoribus
1350 937 1456 1010 suisa
1470 936 1633 1033 predictis
1646 937 1945 1032 predecessoribus

540 1061 664 1134 nostris
677 1061 766 1135 inira
779 1062 943 1134 terminos
959 1064 1016 1135 vel
1031 1063 1068 1132 in
1091 1059 1286 1134 confinibus
1297 1061 1530 1156 predictorum
1542 1061 1779 1153 comitatuum,
1796 1071 1897 1157 prout
1908 1063 1943 1134 iu

538 1185 731 1281 privilegiis
754 1187 1013 1260 concessionum
1040 1195 1075 1258 et
1100 1185 1324 1259 donationum
1354 1183 1437 1258 inde
1463 1185 1529 1258 sibi
1557 1185 1655 1256 iactis
1677 1183 1814 1280 plenius
1836 1187 1943 1259 couti·

539 1316 653 1380 netur.
669 1311 863 1381 Statueutes
876 1319 911 1382 et
927 1310 1077 1406 presenti
1096 1310 1313 1404 prohibentes
1326 1309 1441 1382 edicto
1455 1317 1626 1402 quatenus
1641 1307 1757 1380 nudus
1772 1311 1941 1412 princeps,

539 1431 629 1524 dux,
640 1431 804 1524 marchio,
819 1454 946 1525 comes,
963 1443 1125 1528 potestas,
1138 1444 1261 1524 rector,
1272 1435 1405 1524 consul,
1419 1434 1583 1527 nullaque
1593 1434 1732 1527 publica
1743 1435 1798 1506 vel
1813 1435 1944 1529 privata

539 1578 698 1652 persona,
714 1557 781 1630 alta
793 1559 849 1631 vel
863 1558 1016 1650 humilis,
1030 1559 1259 1632 ecclesiastice
1269 1560 1326 1630 vel
1341 1557 1531 1646 mundana,
1541 1557 1701 1630 eumdem
1717 1559 1877 1632 comitem
1890 1562 1944 1632 vel

532 1679 686 1756 beredee
701 1681 813 1777 ipsius
830 1693 947 1755 contra
964 1683 1132 1778 presentis
1147 1681 1414 1754 confirmationis
1426 1690 1541 1754 nosue
1554 1681 1715 1776 paginam
1733 1683 1871 1754 turbare
1890 1685 1944 1754 vel

539 1807 720 1878 molestare
751 1815 940 1901 presumat.
972 1806 1076 1892 Quod
1104 1806 1166 1900 qui
1191 1805 1437 1901 presumpserit
1460 1827 1584 1899 penam
1613 1805 1706 1878 mille
1730 1805 1944 1878 marcharum

540 1931 671 2024 argenti
689 1951 728 2004 se
752 1931 888 2004 noverit
901 1930 1139 2022 incursurum,
1156 1951 1305 2024 quarum
1326 1929 1492 2003 medietas
1508 1929 1603 2002 curie
1624 1939 1741 2004 nostre
1756 1939 1791 2002 et
1814 1931 1943 2025 reliqua

541 2055 657 2130 comiti
683 2055 863 2127 Prouincie
883 2053 1044 2146 injuriam
1065 2054 1208 2149 patienti
1231 2055 1396 2126 solvetur.
1422 2053 1476 2128 Ad
1497 2055 1602 2146 hujus
1625 2055 1743 2148 itaque
1763 2056 1947 2130 coufirma-

542 2179 646 2252 tiouis
668 2179 868 2252 memoriam
887 2189 921 2250 et
943 2179 1049 2251 robur
1071 2191 1235 2274 perpetuo
1257 2180 1462 2270 valiturum,
1481 2201 1622 2274 presens
1639 2180 1859 2273 privilegium
1874 2179 1945 2250 fieri

543 2302 688 2376 lecimus
710 2313 745 2374 et
767 2303 863 2374 bulla
887 2323 993 2374 aurea
1015 2304 1150 2398 typario
1173 2313 1287 2376 nostre
1310 2304 1497 2396 maiestatis
1520 2304 1685 2398 impressa
1705 2305 1873 2396 jussimus
1895 2305 1946 2375 in·

542 2427 675 2520 signiri.
1176 2486 1179 2494 .

593 2552 709 2634 Testes
724 2560 840 2624 autem
858 2552 963 2644 hujus
978 2553 1027 2626 rei
1043 2561 1124 2624 sunt
1140 2553 1190 2624 bii
1207 2551 1326 2626 Laudo
1348 2553 1550 2648 Baginensis
1569 2553 1863 2648 archiepiscopus,
1885 2555 1947 2624 Ju-

544 2676 658 2759 lianus
674 2677 892 2752 Meznriansie
906 2685 942 2750 et
955 2679 1102 2750 loannes
1115 2677 1314 2750 Boiuueusis
1327 2677 1377 2772 (a)
1392 2679 1556 2774 episcopi,
1570 2679 1611 2751 ii.
1629 2678 1705 2751 dux
1721 2678 1861 2772 Spoleti,
1883 2679 1947 2750 Sis-

544 2799 663 2877 lredue
677 2821 792 2874 comes
808 2801 1032 2894 Viennensis,
1050 2801 1235 2875 Rieoardus
1250 2800 1295 2874 de
1315 2801 1512 2896 Principatu
1529 2801 1714 2897 imperialis
1728 2803 1808 2875 aule
1821 2822 1946 2874 meres·

545 2925 668 3017 callus,
683 2925 871 3000 lliccardus
888 2928 1096 3000 camerarius
1113 2937 1148 2999 et
1162 2928 1277 3020 plures
1293 2927 1352 2998 alii
1370 2927 1430 3020 qui
1448 2927 1689 2998 interfuerunt.

592 3049 738 3144 Signum
761 3050 892 3124 domini
912 3049 1085 3123 Frederioi
1104 3049 1248 3122 secundi
1264 3050 1325 3122 Dei
1349 3051 1458 3143 gratia
1483 3050 1699 3122 invictissimi
1722 3052 1948 3123 Romanorum

545 3174 777 3268 imperatoris,
805 3195 940 3268 semper
960 3173 1116 3268 augusti,
1140 3174 1326 3246 Jerusalem
1345 3183 1379 3246 et
1396 3173 1511 3246 Sicilie
1529 3176 1632 3266 regis.

595 3274 680 3370 dcta
698 3305 780 3368 sunt
797 3296 863 3370 bec
881 3317 973 3370 auno
994 3295 1166 3369 dominice
1186 3296 1429 3369 incarnationis
1450 3297 1630 3369 millesimo
1646 3296 1883 3369 ducentesimo
1898 3295 1950 3365 vi-

546 3419 674 3495 cesimo
691 3429 807 3510 sexto,
834 3441 952 3493 meuse
967 3420 1133 3510 octobris,
1159 3419 1293 3492 decime
1307 3421 1427 3513 quinte
1444 3420 1658 3512 indictionis,
1683 3422 1872 3516 imperante
1889 3419 1951 3492 do·

547 3545 641 3616 mino
660 3553 776 3618 nostro
795 3543 976 3618 Frederico
995 3544 1220 3617 invictissimo
1240 3545 1469 3616 Romanorum
1493 3547 1713 3639 imperatore,
1735 3565 1870 3640 semper
1888 3565 1951 3615 au·

547 3676 663 3761 gusto,
682 3669 865 3742 Ierusalem
884 3677 918 3742 et
933 3669 1048 3742 Sicilie
1061 3690 1162 3762 rege,
1181 3690 1272 3741 anuo
1286 3671 1362 3761 ejus
1379 3667 1523 3741 Romani
1549 3670 1683 3765 imperii
1711 3677 1829 3758 sexto,
1856 3668 1953 3762 regui

548 3813 632 3866 vero
646 3792 831 3866 ierusalem
848 3793 971 3888 primo,
987 3793 1083 3887 regui
1098 3802 1214 3866 eutem
1228 3793 1342 3865 Sicilie
1358 3792 1523 3865 vicesimo
1539 3813 1642 3880 nono,
1662 3789 1815 3866 feliciter.
1825 3794 1946 3864 Amen.

597 3919 722 3992 Datum
738 3917 854 4010 Fugie,
875 3938 979 4009 anuo,
999 3937 1117 3989 meuse
1134 3925 1168 3989 et
1186 3915 1375 3989 indictione
1392 3915 1600 4012 prescriptis.

764 4173 1274 4184 mann—uon·-
1284 4175 1577 4184 --m-—o—--u--oom
1583 4175 1625 4186 ιι...
1633 4175 1691 4186 ιφ..
1697 4175 1742 4184 1-ae

400 4418 491 4515 aas,
605 4391 836 4498 Friden'cus,
870 4392 1129 4478 Romanorum
1160 4394 1379 4503 imperator,
1404 4397 1704 4506 jurisdictiones,
1732 4409 1953 4508 potestates,

551 4525 788 4633 consulatus,
803 4525 989 4636 regimina
1002 4537 1039 4610 et
1056 4527 1132 4610 alia
1149 4537 1290 4610 statuta
1306 4555 1405 4638 quae
1423 4531 1463 4612 in
1480 4532 1660 4616 comitutu
1683 4533 1900 4616 Provinciae
1920 4547 1957 4616 et

592 4677 631 4758 (a)
652 4679 687 4740 lo
701 4681 916 4758 exemplaribus
928 4684 1136 4761 manuscriptis
1149 4683 1326 4759 Boiorum,
1341 4685 1429 4747 mule.
