4466 5914
554 591 614 656 666
1050 591 1263 654 1111666161
1288 591 1463 654 secubet
1775 589 1855 668 [ilar.
1876 589 1958 650 lm

640 724 1158 805 (lnamtaxpergamuaooaaanaa
1169 721 1960 804 666661).66666,666666666666ωὰ1666τί6,

677 837 708 892 at
728 832 760 890 ln
782 826 855 892 libro
871 830 989 912 jurium
1008 835 1210 910 manuscripto
1230 848 1277 910 ap.
1300 833 1448 905 lunuam,
1471 830 1524 892 fol.
1545 837 1583 892 66
1597 833 1798 904 recto-verm
1822 845 1862 890 ex
1885 835 1963 890 666-

678 943 796 1016 sumpto
808 955 877 999 ann.
894 947 983 1002 12²9.
999 940 1034 1000 In
1048 945 1174 1016 utroque
1185 937 1400 1000 bullaaauroaa
1411 938 1523 998 mentio
1535 935 1595 1012 tlt.)

607 1121 804 1196 innomine
829 1131 946 1196 sancte
967 1133 1003 1196 et
1024 1123 1206 1196 individue
1222 1123 1409 1196 Trinitatis.
1432 1122 1634 1196 Fredericus
1651 1121 1826 1196 secundus
1846 1121 1963 1196 divina

559 1247 695 1318 favente
711 1247 892 1320 clementia
911 1248 1142 1320 Romanorum
1160 1247 1356 1342 imperator,
1375 1268 1511 1344 semper
1527 1253 1710 1340 augustus,
1729 1247 1916 1318 Jerusalem
1930 1255 1963 1319 et

559 1368 675 1440 Sicilie
702 1391 779 1441 rex.
811 1369 965 1445 Preolara
995 1369 1151 1444 fidelium
1183 1381 1377 1446 nostrorum
1409 1371 1576 1466 obsequia
1604 1371 1794 1443 manifestis
1826 1369 1963 1444 indiciis

559 1513 702 1586 operum
721 1493 942 1588 comprobata
960 1503 1055 1569 tanto
1076 1495 1244 1569 debemus
1268 1495 1431 1569 libentius
1445 1493 1681 1568 munificentie
1704 1503 1819 1566 nostre
1841 1515 1961 1566 muna-

559 1613 657 1686 ribus
678 1616 1028 1712 prevenire,.quanto
1053 1617 1250 1692 celsitudini
1277 1629 1392 1693 nostre
1414 1628 1511 1714 grata
1537 1617 1746 1692 exhibentur
1775 1617 1902 1713 pariter
1930 1627 1964 1691 et

558 1748 711 1835 accepta.
731 1740 899 1819 Nolumus
916 1741 1008 1816 enim
1030 1765 1052 1818 a
1068 1743 1229 1818 mercede
1249 1745 1415 1840 repellere
1432 1764 1492 1819 eus
1513 1743 1682 1837 aquibus
1705 1743 1846 1816 servitia
1870 1761 1964 1816 rece·

558 1862 674 1958 pimus
687 1865 875 1958 fructuosa,
888 1888 952 1939 nec
965 1867 1193 1941 benemeritos
1205 1869 1280 1940 sine
1294 1865 1466 1961 condigne
1480 1866 1715 1940 retributionis
1728 1865 1963 1939 vicissitudine

559 1987 734 2081 preterire.
748 1989 874 2063 Notum
892 1990 999 2084 igitur
1014 2013 1091 2063 esse
1108 1991 1271 2064 volu'mus
1286 1991 1458 2063 universis
1475 1989 1609 2085 imperii
1623 1988 1784 2064 fidelibus
1797 1997 1868 2061 tam
1882 2009 1962 2082 pre-

559 2111 715 2184 sentibus
738 2134 843 2206 qnam
870 2114 994 2186 futuris
1016 2114 1112 2208 qnod
1134 2138 1214 2188 cum
1238 2115 1391 2188 universi
1416 2115 1659 2201 stratones,
1685 2111 1807 2185 fideles
1832 2111 1959 2201 nostri,

559 2242 696 2328 propter
709 2257 870 2328 magnum
883 2236 1119 2312 eorumfidem
1132 2239 1396 2335 quamimperio
1410 2238 1559 2312 atnobis
1572 2236 1833 2331 omnitempore
1846 2255 1961 2310 serra-

559 2367 686 2430 verunt
700 2358 843 2452 grandis
860 2361 972 2435 meriti
990 2363 1058 2434 sint
1076 2363 1112 2434 in
1131 2373 1315 2458 conspectu
1331 2372 1460 2452 nostro,
1480 2361 1662 2457 ipsamque
1685 2382 1749 2434 nos
1771 2358 1963 2433 secuudum

558 2479 768 2574 exigentiam
787 2483 987 2556 meriturum
1011 2507 1153 2558 suorum
1179 2488 1285 2581 gratis
1301 2483 1478 2560 beneficiis
1495 2485 1664 2560 bonorare
1680 2486 1854 2576 volentes,
1874 2504 1962 2558 con-

556 2603 714 2678 cedimus
734 2613 769 2678 et
788 2605 958 2680 donamus
982 2609 1156 2684 communi
1179 2611 1307 2700 lanua,
1326 2618 1393 2682 etc.
1415 2609 1588 2682 Donantes
1611 2616 1646 2682 et
1668 2607 1899 2682 concedentes
1927 2607 1962 2678 in

558 2727 701 2800 seudum
723 2728 878 2823 predicto
895 2731 1083 2822 communi,
1108 2741 1174 2804 etc.
1194 2731 1370 2832 [Sequatur
1387 2732 1489 2824 bajus
1506 2732 1676 2826 privilegii
1700 2743 1792 2804 team
1810 2731 1851 2802 dc
1867 2731 1961 2802 uerbo

559 2851 603 2923 cd
625 2853 777 2940 oubam,
797 2864 836 2926 ut
862 2857 900 2928 in
919 2855 1132 2949 praecedenti
1159 2857 1235 2930 dcto
1264 2857 1446 2929 incastris
1471 2878 1576 2952 prope
1601 2857 1801 2948 Bononiam,
1829 2851 1851 2926 1
1881 2863 1965 2926 octo·

559 2976 627 3047 bria
647 2978 762 3066 ⁴220,
781 2979 846 3050 oiri
864 2979 950 3074 prod
971 3003 1035 3075 pro
1065 3001 1153 3074 quas
1184 2981 1222 3052 in
1247 2978 1473 3052 citramarinis
1495 2987 1531 3052 ot
1554 2979 1783 3052 ultramarinis
1809 2977 1962 3072 partibus

559 3097 687 3173 habent
704 3101 822 3196 leqitur
839 3103 874 3172 ia
888 3103 947 3172 loo
962 3129 972 3172 :
989 3123 1078 3196 quas
1094 3100 1225 3195 ubique
1239 3123 1301 3196 per
1315 3109 1428 3196 partes
1448 3101 1583 3195 imperii
1599 3101 1704 3175 nostri
1722 3099 1967 3174 rationabiliter

561 3221 690 3296 habent
705 3224 736 3319 (l
745 3225 771 3318 ),
783 3235 814 3296 et
833 3225 909 3296 dein
923 3247 986 3318 pro
1000 3225 1201 3298 auctoritate
1215 3225 1311 3320 regia
1326 3225 1446 3319 lepitor
1462 3223 1662 3298 auctoritate
1677 3223 1857 3320 imperiali.
1873 3221 1967 3309 Quod

561 3371 635 3418 cam
652 3347 757 3419 66666
779 3347 1062 3448 transcribendum
1085 3371 1150 3421 aon
1174 3371 1378 3439 censeamur,
1399 3347 1517 3420 domus
1539 3349 1763 3420 tantummodo
1784 3357 1880 3420 tester
1901 3369 1967 3419 uo-

563 3481 679 3564 toaquc
691 3468 957 3568 chronotoqtcas]

610 3595 722 3688 Hujus
738 3617 821 3669 vero
844 3597 894 3668 rei
914 3605 1016 3670 testea
1033 3605 1115 3670 sunt
1135 3595 1255 3670 Lando
1271 3595 1480 3670 venerabilis
1497 3595 1650 3690 lleginus
1670 3595 1963 3692 archiepiscopus,

562 3718 740 3794 Corradus
756 3719 1014 3794 llldesemensis
1034 3721 1230 3818 episeopus,
1251 3721 1355 3794 irater
1368 3719 1541 3794 lohannes
1555 3717 1755 3794 Boianensis
1771 3719 1965 3815 episcopus,

563 3843 751 3918 llainaldus
768 3845 845 3918 dux
865 3846 1010 3942 Spoleti,
1028 3845 1066 3918 C.
1088 3845 1240 3918 marchio
1258 3844 1469 3940 blalaspina,
1490 3843 1638 3916 Thomas
1657 3863 1773 3917 comes
1795 3841 1967 3918 Subaudia

561 3977 596 4041 et
610 3969 763 4042 marchio
779 3969 815 4040 in
833 3969 942 4059 ltalia,
964 3991 1079 4043 comes
1099 3969 1248 4042 Siiridus
1264 3967 1310 4042 de
1322 3967 1456 4042 Vienna
1471 3976 1507 4040 et
1520 3967 1578 4041 alii
1593 3968 1830 4063 quamplures.

611 4095 757 4190 Signum
780 4094 913 4168 domini
936 4095 1100 4169 Friderioi
1120 4095 1266 4168 6666661
1289 4095 1351 4167 Dei
1374 4094 1484 4188 gratia
1501 4091 1717 4166 invictissimi
1739 4093 1968 4164 Romanorum

563 4218 794 4315 imperatoris,
819 4239 955 4314 semper
972 4219 1132 4316 augusti,
1153 4220 1340 4293 Jerusalem
1362 4227 1397 4290 et
1412 4217 1528 4290 Sicilie
1543 4215 1649 4312 rogis.
1669 4207 1967 4312 (Moooprommu.)

600 4517 638 4590 (t)
657 4516 733 4587 Quae
752 4515 898 4576 verborum
918 4517 1095 4593 fflsuepantia
1114 4517 1231 4576 notanda
1243 4518 1351 4575 ridetur
1366 4535 1374 4574 ι
1389 4533 1473 4591 quum
1491 4517 1519 4574 in
1535 4517 1624 4592 primo
1640 4515 1777 4591 privilegio
1790 4515 1899 4589 antiqua
1909 4513 1971 4587 iura

566 4629 637 4690 quae
647 4613 675 4670 in
687 4613 776 4673 Sicilia
786 4616 933 4674 tanuenses
943 4617 1105 4692 appetebant
1115 4617 1254 4675 subaudiri
1270 4617 1437 4693 potuissent,
1453 4616 1480 4673 in
1494 4616 1545 4674 isto
1556 4615 1591 4674 ad
1604 4631 1637 4674 oa
1650 4615 1722 4674 nullo
1733 4613 1877 4674 verborum
1896 4613 1970 4670 inro-

561 4712 637 4772 luoro
650 4711 693 4772 rel
703 4712 813 4771 minime
825 4712 963 4771 alluditur.
