4466 5914
295 581 393 644 unc.
411 579 473 660 14]
744 571 941 636 lllSTOlllll
965 569 1258 634 otruousrtct

353 1175 587 1280 Fridericus,
606 1175 866 1261 Romanorum
886 1172 1108 1281 imperator,
1128 1171 1286 1273 milites,
1308 1170 1406 1254 cives
1428 1180 1466 1252 et
1482 1168 1715 1252 habitatores
1746 1173 1913 1271 ”ffl-

301 1308 461 1392 civitatis
487 1308 724 1418 Oppenbeim
753 1306 826 1390 sub
852 1307 1082 1416 protectione
1111 1331 1184 1390 sua
1215 1305 1369 1414 speciali
1395 1305 1545 1414 recipit,
1573 1329 1639 1387 eos
1666 1301 1716 1386 ab
1777 1281 1884 1390 ”iffi

301 1443 480 1526 omnibus
498 1443 665 1526 collectis
691 1442 842 1550 eximit,
862 1442 1054 1525 nundinas
1077 1441 1273 1551 generales
1296 1441 1493 1523 annuatim
1519 1438 1717 1522 habendas

302 1576 446 1658 eisdem
459 1577 632 1661 redemit
642 1575 793 1686 aliaque
810 1575 1008 1687 privilegia
1025 1575 1167 1658 ibidem
1185 1599 1374 1682 expressa.

389 1791 510 1874 (Inedlt.
533 1809 572 1854 ex
594 1791 828 1872 splendldlsatmo
847 1793 983 1872 orlgtnsll
1003 1791 1085 1870 apud
1104 1790 1285 1854 Durmstcdt.
1301 1789 1437 1870 Slglllum
1456 1805 1572 1852 cereum
1592 1788 1651 1850 lllls
1664 1805 1716 1850 se-

426 1901 495 1961 rlcls
507 1901 578 1960 davi
590 1901 696 1962 colorls
707 1897 877 1980 appendet.)

353 2086 547 2160 Fridericus
571 2085 631 2161 Del
656 2091 764 2184 gratia
789 2089 1021 2160 Romanorum
1046 2085 1242 2182 imperator,
1264 2105 1399 2180 semper
1412 2092 1600 2178 augustus,
1617 2085 1719 2158 Jeru-

306 2211 410 2284 salem
428 2222 462 2284 et
478 2211 594 2285 Sicilie
616 2233 691 2286 rex.
711 2213 776 2286 Per
792 2233 935 2308 presens
953 2211 1119 2306 seriptum
1134 2219 1255 2284 uotum
1277 2209 1351 2283 lieri
1369 2212 1532 2285 volumus
1549 2209 1721 2282 universis

308 2333 442 2431 imperii
473 2335 635 2411 fidelibus
663 2346 732 2409 tam
759 2335 977 2431 presentibus
1006 2357 1111 2430 quem
1140 2335 1264 2407 foturis
1291 2335 1387 2429 quod
1415 2355 1479 2406 nos
1506 2333 1720 2407 attendentes

308 2459 411 2533 fidem
427 2469 462 2534 et
480 2461 701 2536 devotionem
717 2461 847 2534 civium
865 2461 911 2534 de
925 2461 1115 2556 Openheim
1132 2470 1324 2533 nostrorum
1343 2457 1496 2532 fidelium
1514 2481 1620 2554 qnam
1638 2481 1720 2554 erga

308 2595 457 2658 nostram
479 2587 717 2660 excellentiam
738 2597 774 2659 et
801 2587 983 2682 imperium
1007 2586 1153 2674 babent,
1178 2585 1433 2658 considerantes
1460 2569 1602 2681 insuper
1624 2607 1721 2680 qua-

309 2711 385 2782 liter
401 2731 564 2806 personas
587 2723 623 2784 et
644 2711 760 2784 omnia
786 2713 876 2785 bona
899 2733 1020 2784 eorum
1045 2711 1111 2782 snb
1137 2720 1255 2783 nostra
1280 2719 1315 2782 et
1340 2708 1475 2804 imperii
1498 2711 1721 2805 exposuerint

310 2835 438 2908 ditione
453 2857 587 2909 necnon
605 2847 701 2931 grata
718 2847 752 2910 et
765 2845 905 2933 accepta
920 2835 1059 2920 servitia
1081 2856 1152 2930 que
1177 2834 1277 2907 nobis
1292 2843 1326 2906 et
1341 2834 1486 2929 imperio
1503 2835 1669 2908 exhibent
1686 2845 1721 2910 et
1758 2899 1763 2908 .

310 2961 345 3031 iu
366 2971 466 3034 antea
484 2961 650 3035 exhibere
670 2971 830 3058 poterunt
848 2961 1012 3056 gratiora,
1033 2960 1079 3034 de
1103 2961 1220 3033 innata
1239 2959 1348 3050 gratia
1369 2967 1484 3032 nostra
1507 2983 1577 3054 qua
1599 2959 1721 3035 fideles

310 3095 441 3158 nocuos
458 3087 702 3160 consuevimus
717 3087 913 3184 prevenire,
931 3086 1057 3159 milites
1077 3095 1112 3158 et
1137 3085 1316 3159 universos
1338 3084 1433 3157 cives
1454 3093 1489 3158 et
1512 3085 1721 3160 habitatores

310 3209 460 3283 civitatis
480 3210 636 3304 ejusdem
657 3233 737 3285 eum
754 3213 893 3286 familiis
914 3221 949 3285 et
969 3212 1070 3284 bouis
1087 3231 1207 3284 eorum
1225 3231 1358 3283 necnon
1373 3209 1532 3283 eamdem
1546 3211 1720 3285 civitatem

311 3335 356 3408 de
374 3335 565 3432 Opcnbeim
592 3315 672 3409 cnm
699 3339 861 3411 omnibus
886 3336 1100 3433 pertinentiis
1125 3335 1199 3407 suis
1224 3335 1292 3408 sub
1315 3335 1526 3430 protectione
1546 3347 1662 3410 nostra
1686 3347 1722 3411 et

312 3459 510 3534 defensione
523 3462 658 3558 imperii
677 3463 862 3560 recipimus
881 3462 1041 3558 speciali;
1061 3460 1289 3534 concedentes
1313 3460 1443 3534 eisdem
1470 3461 1635 3535 militibus
1659 3463 1722 3558 qui
1796 3523 1799 3532 .

312 3582 469 3658 eamdem
488 3585 682 3662 inhabitant
698 3587 891 3678 civitatem,
912 3587 1102 3660 libertatem
1119 3595 1153 3659 et
1168 3586 1418 3660 immunitatem
1437 3596 1637 3682 perpetuam
1655 3589 1725 3663 col-

311 3709 494 3803 lectorum,
516 3712 735 3785 exactionum
751 3721 787 3785 et
803 3713 948 3786 aliarum
970 3712 1125 3784 omnium
1148 3709 1327 3784 dationum
1350 3721 1385 3784 et
1405 3711 1456 3785 eis
1477 3725 1642 3810 perpetuo
1665 3715 1725 3790 in-

312 3833 506 3929 dulgentes.
524 3835 751 3912 Concedimus
768 3838 911 3933 iusuper
928 3837 1051 3910 ceteris
1073 3837 1150 3909 aliis
1172 3813 1309 3909 civibus
1331 3837 1480 3911 civitatis
1503 3841 1660 3932 ejusdem
1685 3849 1725 3914 ut

313 3981 334 4032 a
351 3962 500 4056 presenti
515 3983 633 4035 mense
647 3961 759 4056 junii,
776 3961 1033 4056 quartodecimo
1050 3959 1263 4054 indictionis,
1282 3983 1395 4058 nsque
1407 3962 1453 4035 ad
1473 3962 1593 4036 decem
1614 3987 1723 4041 annos

314 4086 500 4181 completos
512 4087 558 4158 ab
573 4087 735 4160 omnibus
749 4087 916 4178 collectis,
936 4084 1027 4158 datis
1051 4095 1085 4158 et
1107 4087 1348 4160 exactionibus
1372 4087 1441 4159 siut
1464 4088 1562 4160 liberi
1586 4090 1724 4184 penitus

315 4221 349 4282 et
364 4210 552 4303 immunes,
577 4211 668 4284 hanc
688 4233 768 4284 cum
795 4211 846 4284 eis
868 4220 1007 4308 propter
1028 4209 1095 4284 boo
1119 4211 1304 4308 specialem
1330 4211 1474 4306 gratiam
1503 4212 1668 4290 facientes
1686 4225 1725 4288 ut

315 4333 440 4408 milites
463 4346 568 4432 atque
586 4332 690 4410 'cives
717 4335 883 4409 instanter
909 4343 944 4408 et
964 4335 1146 4410 efficaciter
1171 4335 1218 4410 cd
1247 4337 1472 4411 munitionem
1499 4339 1648 4413 civitatis
1670 4341 1726 4414 in·

317 4459 472 4534 tendant.
503 4461 554 4534 De
584 4461 788 4534 affluentiori
811 4481 952 4556 quoque
984 4461 1093 4556 gratia
1127 4462 1375 4558 opportuniteti
1410 4463 1563 4560 ipsorum
1593 4466 1725 4540 civium

317 4583 532 4678 providendo
550 4585 772 4659 concedimus
797 4587 892 4682 quod
921 4585 1068 4680 singulis
1096 4587 1196 4660 annis
1218 4587 1255 4659 in
1281 4589 1419 4661 civitate
1444 4589 1517 4685 ipsa
1545 4591 1601 4663 vol
1628 4601 1727 4668 extra

318 4707 402 4781 liant
426 4708 583 4783 nundine
606 4712 800 4806 generales,
820 4732 891 4807 que
915 4732 936 4785 a
964 4732 1056 4784 nono
1079 4712 1138 4787 die
1163 4723 1243 4786 ante
1260 4714 1385 4786 festum
1403 4713 1495 4788 beati
1513 4715 1649 4788 Martini
1671 4717 1726 4789 in-
