4324 5916
1055 591 1228 654 HENRICI
1254 591 1423 654 sttrrtttl

919 977 1030 1040 ttttto
1057 977 1155 1044 1226.
1171 1013 1212 1028 -
1232 980 1474 1046 ttttttcrtonn
1496 983 1550 1048 lt.

1022 1319 1449 1352 ψ·-

328 1681 485 1790 maffia,
577 1669 785 1776 Hennam,
806 1669 1067 1764 Romanorum
1084 1693 1175 1774 rex,
1196 1676 1320 1750 ratam
1347 1667 1462 1752 habet
1486 1694 1618 1777 parem
1637 1669 1851 1752 ordinatam
1865 1696 1930 1780 per

555 1807 743 1892 onradnm
761 1805 1007 1888 Portuensem
1026 1815 1064 1885 et
1081 1801 1241 1886 Sanctae
1258 1801 1416 1886 Rufinae
1438 1801 1677 1912 episcopum,
1698 1801 1930 1912 Apostolieae

525 1941 633 2026 Sedis
649 1940 838 2052 legatum,
856 1937 954 2020 inter
973 1937 1153 2022 Ottonem
1170 1935 1390 2048 episcopum
1408 1934 1714 2047 Ultrajeetensem
1731 1947 1769 2020 et
1786 1937 1928 2022 Gerar-

522 2080 617 2162 dum
639 2074 817 2160 comitem
836 2071 1078 2178 Gelrensem‚
1098 2071 1297 2182 eidemque
1323 2071 1498 2181 episeopo
1520 2071 1755 2156 advocatiam
1777 2071 1929 2156 Sellan-

522 2212 608 2296 diae
622 2209 789 2316 confert,
809 2232 928 2318 quam
947 2205 1136 2290 Gerardus
1159 2205 1269 2312 miles
1295 2205 1344 2289 de
1369 2204 1557 2290 Buehorst
1581 2203 1717 2289 habuit
1741 2215 1780 2290 et
1805 2231 1928 2292 eomes

523 2345 712 2432 Gelrensis
729 2351 816 2454 post
833 2341 1063 2451 emptionem
1081 2339 1153 2424 sibi
1171 2339 1391 2452 resignavit.

330 1792 356 1832 20
368 1789 481 1834 iebmutt.
525 1807 553 1892 C

600 2587 729 2668 (neda.
744 2587 850 2664 flans,
865 2583 940 2648 litat.
957 2585 1040 2666 episc.
1059 2579 1176 2666 vltraj„
1192 2599 1220 2662 p.
1239 2589 1352 2647 aaa·
1360 2581 1504 2658 Boram,
1518 2579 1723 2661 ctartartoet,
1737 2583 1764 2660 1,
1775 2589 1926 2660 statar.)

1212 2873 1239 2945 l.

571 3086 739 3160 Henrieus
764 3087 827 3160 Dei
854 3086 965 3182 gratia
989 3086 1220 3161 Romenomm
1244 3107 1308 3160 rex
1332 3095 1368 3160 et
1393 3107 1529 3184 oemper
1554 3094 1743 3182 augustus,
1770 3087 1927 3160 omnibus

521 3211 645 3286 Christi
662 3209 824 3286 fidelibus
842 3232 984 3308 presens
1000 3213 1167 3309 scriptum
1186 3211 1391 3309 inspecturis
1411 3211 1448 3284 in
1471 3219 1689 3310 perpetuum.
1708 3209 1834 3284 Notum
1855 3233 1928 3284 esse

522 3339 686 3412 volumus
710 3345 780 3411 tam
806 3335 1024 3434 presentibus
1050 3359 1156 3433 quam
1180 3337 1304 3410 tuturis
1328 3337 1425 3433 quod
1452 3337 1597 3412 formam
1619 3336 1876 3432 eompositionis
1895 3346 1928 3409 et

523 3463 620 3561 paris
644 3483 706 3558 par
732 3461 965 3538 venerabilem
988 3461 1171 3536 dominnm
1193 3460 1231 3534 C.
1250 3461 1472 3536 Portnensem
1501 3471 1537 3536 et
1555 3461 1645 3536 tituli
1664 3462 1787 3535 Sancte
1808 3457 1928 3534 Rufina

524 3587 738 3683 episcopum,
760 3587 955 3684 Apostotiee
973 3587 1073 3662 Sedis
1090 3589 1259 3683 legatum,
1277 3587 1366 3662 inter
1382 3587 1546 3662 dilectum
1568 3587 1760 3684 principem
1776 3593 1927 3658 roseum

523 3711 681 3786 Ottonem
709 3711 908 3808 episcopum
932 3711 1179 3806 Trajeetensam
1205 3720 1241 3784 et
1265 3709 1306 3784 G.
1334 3713 1494 3786 eomitem
1521 3709 1716 3786 Galrensem
1737 3707 1928 3784 ordinatam

523 3846 631 3912 ratam
649 3847 684 3912 et
703 3835 837 3910 firmem
853 3835 1037 3926 hahentes,
1053 3835 1100 3912 ad
1114 3837 1311 3933 petitimam
1323 3837 1481 3931 eiusdem
1497 3837 1629 3912 demini
1642 3836 1759 3932 legati,
1776 3834 1928 3910 adrom-

522 3960 606 4036 tiam
635 3983 741 4056 quam
768 3960 944 4034 Gerardus
964 3961 1064 4036 miles
1092 3960 1138 4036 de
1158 3961 1327 4036 Bnehorst
1350 3961 1474 4036 habuit
1497 3963 1534 4036 in
1558 3961 1731 4036 Sallandla
1757 3969 1793 4034 et
1817 3959 1928 4033 dietus

521 4107 636 4160 eomas
649 4085 820 4160 Gelransis
833 4086 878 4160 ab
892 4086 969 4181 ipso
985 4095 1131 4180 emerat,
1147 4087 1184 4159 in
1197 4108 1322 4160 manus
1332 4097 1468 4161 nostras
1480 4087 1525 4161 ab
1537 4087 1589 4162 eis
1602 4087 1710 4161 libere
1722 4085 1926 4181 resignatam

521 4213 622 4285 nobis
636 4220 672 4286 et
684 4219 885 4302 vacantem,
904 4213 1038 4306 pretato
1055 4211 1219 4309 episeopo
1234 4219 1269 4286 et
1284 4213 1541 4286 successorihus
1558 4213 1633 4286 suis
1652 4221 1687 4286 et
1705 4209 1849 4284 eeclesia
1865 4230 1926 4282 sne

519 4337 726 4432 Trajeetensi
753 4336 978 4426 eontulimns‚
1000 4357 1081 4409 eum
1096 4336 1173 4410 aliis
1186 4335 1363 4411 benefieiis
1379 4347 1416 4411 et
1430 4337 1542 4412 iendis
1553 4358 1624 4434 qne
1636 4337 1682 4410 ab
1699 4335 1842 4433 imperio
1860 4335 1925 4408 ob-

520 4462 606 4534 tinet
630 4471 796 4559 perpetuo
822 4459 1081 4558 possidendam.
1109 4458 1167 4535 td
1196 4461 1303 4556 hujus
1329 4463 1435 4558 igitur
1456 4471 1571 4536 nostre
1596 4460 1792 4536 donationis
1814 4459 1926 4532 firmi-

520 4595 624 4660 tatem
647 4595 683 4660 et
699 4585 909 4662 evidentiam
929 4606 1139 4682 perennem,
1162 4585 1254 4660 hana
1277 4587 1440 4684 paginam
1457 4586 1561 4682 sigilli
1583 4585 1691 4660 nostri
1718 4585 1925 4682 appensione

520 4711 689 4784 munitam
706 4710 849 4785 ecclesie
864 4721 899 4784 et
916 4710 1086 4808 episcopis
1097 4711 1369 4805 Trajeetensibns
1387 4721 1553 4810 perpetuo
1571 4711 1715 4786 fecimus
1740 4707 1920 4802 assignari.
