4330 5914
186 596 286 657 1111111.
304 592 365 677 15.]
634 588 831 651 HISTORIA
855 588 1147 658 blauotlallclt.
1536 591 1594 652 ula

187 729 363 814 videntur,
391 725 609 799 restituentes
628 725 665 797 in
683 725 858 817 integrum
879 725 916 796 11
939 727 1102 800 omnibus
1127 737 1162 800 st
1182 749 1243 823 per
1263 729 1380 800 omnia
1399 749 1465 800 suo
1488 728 1592 800 statui

187 860 291 946 atque
312 852 422 940 lame,
445 847 650 921 remittendo
668 848 844 921 infamiam
867 869 1004 923 omnem
1021 859 1055 924 et
1072 872 1195 946 penam
1221 872 1290 946 quc
1311 859 1429 924 secute
1447 859 1529 922 sunt
1546 872 1593 923 ex

187 975 305 1069 aliquo
321 967 580 1069 predictorum,
600 971 648 1042 ita
672 971 767 1066 quod
791 994 832 1045 ea
857 993 926 1067 que
943 995 1005 1069 per
1020 995 1079 1047 eos
1099 974 1214 1048 medio
1230 985 1383 1070 tempore
1402 983 1479 1047 acta
1493 984 1590 1064 sunt,

188 1092 491 1171 nonobstantibus
513 1093 737 1188 supradictis,
758 1094 863 1166 robur
879 1093 1055 1188 obtineant
1073 1096 1169 1189 quod
1189 1097 1274 1168 alias
1295 1095 1485 1168 debuerant
1505 1097 1594 1169 obti·
1687 1147 1697 1167 .

188 1243 282 1294 nere.
306 1221 361 1293 Ad
386 1220 451 1292 bec
472 1217 645 1307 civitates,
664 1207 740 1290 loca
763 1227 797 1289 et
822 1239 985 1312 personas
1007 1220 1179 1313 predictas
1204 1221 1390 1314 recipimus
1417 1221 1453 1292 in
1480 1230 1595 1294 nostra

189 1345 299 1440 gratie
323 1341 574 1439 plenitudinem
600 1349 634 1412 et
656 1341 707 1412 eis
730 1340 910 1412 reddimus
934 1341 1066 1415 firmam
1091 1365 1228 1438 pacem,
1247 1353 1460 1416 reservantes
1481 1354 1594 1417 tamen

188 1469 289 1542 nobis
306 1476 424 1540 contra
445 1462 639 1560 predictum
658 1464 890 1536 marchionem
912 1465 1151 1539 Montislerrati
1174 1468 1291 1540 omnia
1312 1467 1390 1558 jura
1407 1473 1596 1562 omnesque

189 1593 341 1665 actiones
359 1612 430 1684 que
448 1589 549 1662 nobis
571 1595 786 1682 competunt,
809 1596 877 1660 tam
897 1587 942 1660 de
960 1588 1077 1662 debito
1098 1612 1169 1684 quo
1191 1599 1305 1662 nostre
1327 1591 1523 1663 celsitudini
1544 1601 1596 1663 est

189 1715 333 1786 allectus
357 1734 462 1807 quam
486 1711 531 1784 de
554 1721 643 1783 terra
662 1732 731 1804 que
757 1719 895 1806 propter
922 1712 1036 1808 ipsum
1062 1713 1218 1785 debitum
1244 1714 1346 1786 nobis
1367 1715 1481 1787 extitit
1507 1715 1594 1788 obli·

189 1846 269 1930 gata
283 1835 348 1932 (l).
361 1835 539 1908 Faciemus
561 1833 662 1906 etiam
684 1833 817 1905 restitui
839 1842 956 1929 captos
979 1835 1160 1907 occasione
1185 1836 1337 1930 predicta
1362 1836 1492 1910 offense
1517 1861 1595 1910 cum

189 1961 290 2030 bonis
297 1959 377 2030 suis
389 1979 431 2030 ac
445 1959 513 2030 alia
530 1979 600 2052 que
614 1957 793 2030 occasione
814 1955 1012 2050 hujusmodi
1030 1969 1128 2054 rapta
1143 1970 1224 2030 sunt
1239 1961 1295 2032 vel
1312 1959 1463 2033 detenta.
1480 1962 1596 2034 Facie-

189 2104 269 2154 mus
285 2083 427 2176 insuper
452 2079 524 2153 fieri
549 2089 704 2176 patentes
724 2081 853 2152 litteras
867 2103 912 2152 ex
934 2091 1031 2176 parte
1050 2083 1215 2155 carissimi
1241 2081 1301 2154 filii
1328 2085 1433 2156 nostri
1458 2085 1595 2157 Henrici

188 2209 421 2278 Romanorum
437 2185 533 2297 regis
547 2205 707 2292 illustris,
729 2203 824 2298 quod
841 2225 960 2298 pacem
978 2213 1012 2276 et
1029 2205 1263 2278 remissionem
1282 2207 1382 2280 istam
1405 2217 1513 2280 ratam
1532 2207 1595 2280 ha·

189 2328 286 2402 behit
300 2337 334 2402 et
357 2327 507 2419 firmam,
526 2327 691 2422 qnodque
709 2329 856 2400 remittet
872 2328 923 2399 eis
941 2349 1076 2400 omnem
1097 2351 1290 2420 rancorem,
1309 2311 1601 2418 malivolentiam,¹

189 2450 636 2544 11111111111111111.Α(1
659 2452 794 2546 plenum
820 2459 935 2524 autam
955 2451 1193 2525 certitudinem
1218 2453 1322 2544 hujus
1346 2453 1395 2526 rei
1424 2463 1601 2548 presentes

189 2577 320 2649 litteras
333 2578 436 2669 juxta
451 2575 704 2671 beneplacitum
715 2585 870 2648 uestrum
885 2574 960 2647 11111
973 2576 1141 2668 jussimus
1157 2577 1271 2670 sigillo
1286 2579 1469 2671 majestatis
1483 2588 1599 2652 111111

189 2702 356 2772 munitas.
1301 2779 1305 2784 ,

240 2827 364 2896 Datum
386 2823 544 2910 Catanio,
564 2823 676 2918 primo
692 2820 750 2894 die
765 2821 946 2913 februarii,
965 2821 1025 2892 XV
1041 2821 1251 2894 indictionis

240 2945 292 3044 [ln
315 2946 476 3020 eumdem
500 2947 643 3020 modum
663 2945 799 3040 scripsit
820 2945 912 3018 idem
931 2944 1114 3039 imperator
1129 2945 1316 3017 rectoribus
1331 2945 1509 3019 civitatum
1527 2950 1598 3020 lllc·

191 3071 341 3160 diolani,
367 3071 554 3160 Placentia,
580 3069 830 3160 vercellarum,
856 3069 1027 3158 Bononia,
1052 3069 1233 3158 Ferentio,
1259 3067 1486 3161 Alexandria,
1512 3073 1600 3144 Tau·

191 3193 281 3284 rini,
313 3193 448 3284 leudi,
478 3193 657 3286 Pergami,
689 3193 828 3282 Brixis,
858 3193 1020 3283 ltlautuo,
1051 3193 1209 3278 Verone,
1245 3191 1386 3283 Padue,
1421 3193 1597 3285 Vicentie,

115 3314 118 3322 ’
192 3317 357 3408 Terrisii,
374 3318 509 3408 Creme,
533 3369 542 3386 .
567 3371 576 3390 .
598 3370 607 3387 .
627 3315 816 3390 marchioni
832 3316 1088 3405 llloutislcrrati,
1111 3316 1225 3388 comiti
1251 3315 1426 3390 Gotilredo
1442 3317 1487 3404 de
1500 3319 1601 3392 blau-

194 3441 310 3531 drato,
335 3441 482 3536 aliisque
502 3440 586 3514 locis
612 3449 647 3512 et
668 3440 824 3535 personis
846 3440 1057 3534 quibuslibet
1081 3439 1126 3512 de
1147 3431 1368 3532 Lo'mbardia,
1391 3441 1542 3534 Marcbia
1566 3453 1601 3534 et

192 3565 412 3654 llomauiola,
432 3585 503 3659 que
522 3585 635 3659 nuper
652 3573 768 3636 contra
788 3565 997 3655 najestatem
1017 3564 1227 3658 imperialem
1244 3573 1279 3636 ct
1299 3564 1481 3658 imperium
1505 3586 1598 3640 com,

194 3687 366 3758 miserunt
378 3686 562 3777 offensam3
591 3707 702 3781 usque
720 3686 755 3757 in
772 3685 896 3776 finem,
914 3686 1030 3758 verbis
1048 3696 1279 3782 competenter
1298 3689 1450 3760 11111111.
1474 3690 1599 3764 Datum

194 3819 234 3882 ut
252 3807 388 3907 supra]

435 4003 718 4012 -..-..-.....-----........
724 4003 1363 4017 Μ--αοφωω-ω--η--ι--α

248 4261 489 4370 1111111111,Ι
504 4263 764 4348 Romanorum
794 4263 1014 4374 imperator,
1043 4288 1110 4372 per
1134 4262 1279 4346 litteras
1312 4289 1401 4346 suas
1431 4273 1601 4376 patentes
1635 4287 1794 4396 baffi,

195 4395 431 4481 notariorum
449 4397 653 4508 collegium
669 4399 771 4508 apud
785 4397 941 4508 Papiam
959 4395 1064 4509 quod
1081 4397 1205 4482 luerat
1220 4397 1405 4484 abolitum
1421 4397 1597 4486 restituit.
1641 4398 1667 4439 ¹⁴
1681 4397 1791 4440 “lm

233 4712 269 4786 (t)
287 4713 470 4772 verisimiliter
482 4721 593 4791 propter
610 4723 734 4775 mutuum
752 4733 850 4776 novem
865 4718 979 4775 millium
990 4733 1140 4777 marcarum
1153 4718 1274 4792 maenti,
1289 4718 1324 4778 de
1335 4735 1390 4795 quo
1399 4735 1481 4795 supra
1491 4738 1522 4795 p.
1538 4723 1602 4780 tae.

293 4815 336 4875 ll.
357 4828 445 4874 rma
1407 4829 1445 4881 90
