4466 5914
522 543 585 610 624
1025 550 1239 612 1111131161
1263 551 1440 612 sscttttnt
1752 548 1833 635 [Aa.
1850 551 1935 614 iffi.

522 683 651 778 cipiant
668 686 839 780 usquead
865 707 995 760 nonum
1014 687 1108 762 diem
1123 699 1202 785 post
1218 689 1343 761 latum
1360 686 1521 782 eosdm
1545 687 1751 760 conlmoms
1777 687 1938 784 sollernp-

522 809 612 882 niter
639 808 817 883 dnratnre.
847 811 1002 886 Preterea
1027 814 1251 888 concedimus
1273 813 1408 888 eisdssn
1435 813 1574 886 civibus
1597 812 1750 886 civitat'm
1781 811 1937 904 ejusden

522 934 726 1031 positionem
758 937 981 1009 terminorum
1003 939 1066 1032 qni
1090 939 1227 1032 vulgari
1258 938 1434 1034 ydiomate
1460 947 1630 1010 vooentnr
1652 937 1823 1027 Banmsse,
1848 936 1938 1008 siem

521 1059 568 1132 ab
584 1059 626 1131 Ε.
652 1059 830 1154 qnondam
849 1063 1038 1134 venerabili
1061 1062 1252 1136 Coloniensi
1276 1063 1536 1158 archiepiscopo
1559 1064 1652 1134 clare
1681 1061 1846 1134 memorie
1873 1059 1938 1132 luit

522 1182 568 1257 de
592 1184 677 1279 ipsis
703 1186 859 1258 terminis
883 1187 1095 1260 ordinatum.
1123 1191 1319 1262 Statnentes
1341 1197 1377 1260 et
1406 1187 1557 1283 presenti
1582 1185 1803 1282 prohibentes
1824 1185 1937 1258 edicto

519 1307 684 1401 quatinus
708 1308 824 1379 nullus
850 1310 1026 1404 princeps,
1051 1309 1145 1400 dux,
1168 1310 1341 1400 marchio,
1360 1333 1494 1402 conss,
1514 1310 1728 1400 mcecomes,
1750 1309 1933 1397 scultetus,

519 1431 728 1522 advocatos,
750 1433 982 1506 ministerialis
998 1435 1055 1507 vel
1072 1435 1189 1530 aliqna
1205 1457 1353 1532 persona
1373 1439 1443 1509 alta
1458 1437 1516 1508 rel
1531 1436 1691 1525 humilis,
1707 1431 1936 1506 ecclesiastica

521 1559 575 1630 vel
596 1557 790 1652 mundana,
820 1559 1010 1656 predictam
1038 1559 1231 1651 civitatem,
1249 1562 1375 1636 milites
1392 1573 1501 1657 atque
1523 1561 1619 1634 cives
1642 1569 1762 1634 contn
1784 1555 1936 1654 predicto

520 1683 750 1756 concessionis
775 1693 890 1756 nostre
919 1683 1082 1780 paginam
1109 1687 1291 1760 molestare
1319 1696 1508 1785 presumat.
1534 1685 1638 1770 Quod
1666 1684 1729 1779 qni
1758 1703 1937 1780 presump-

520 1809 602 1880 serit
626 1807 898 1902 indignationem
928 1810 1035 1881 nostri
1064 1811 1227 1883 colminis
1252 1833 1291 1884 se
1318 1813 1453 1884 noverit
1483 1811 1718 1882 incursorum.
1749 1805 1807 1880 Ad
1831 1807 1936 1898 nujus

518 1931 635 2025 itaque
659 1931 879 2026 protectionis
899 1941 934 2003 et
953 1934 1186 2007 conoessionis
1213 1947 1328 2008 nostre
1355 1935 1555 2009 memoriam
1582 1945 1618 2007 et
1640 1934 1747 2007 robnr
1770 1941 1937 2028 pepetoo

517 2055 724 2148 volitorum,
746 2077 888 2152 presens
903 2057 1070 2152 seriptum
1086 2056 1161 2130 lieri
1174 2059 1319 2134 lcdmns
1334 2069 1371 2134 et
1388 2060 1495 2154 sigilli
1512 2059 1620 2132 nestri
1635 2059 1759 2132 robore
1768 2055 1936 2149 jussimus

519 2180 738 2254 communiri.

570 2306 680 2397 Hujus
693 2314 809 2378 antem
832 2303 883 2376 rei
900 2315 1003 2376 testes
1019 2315 1101 2378 snnt
1116 2305 1159 2378 t.
1174 2307 1384 2380 vene-ebitis
1398 2305 1726 2402 llagdebnrgensis,
1740 2307 1784 2378 Η.
1803 2302 1935 2378 lledio·

521 2431 670 2504 lanensis
694 2439 729 2502 et
747 2431 788 2502 L.
808 2429 961 2523 Reginos
983 2430 1252 2526 archiepiscopi,
1274 2432 1312 2504 C.
1332 2431 1633 2528 llyldescmensis,
1651 2431 1821 2504 llenricns
1837 2430 1936 2500 War-

519 2557 745 2648 matiensis,.
769 2549 1007 2628 5.Cnriensis
1035 2566 1071 2628 et
1094 2557 1136 2628 Ε.
1161 2557 1311 2630 Cioensis
1339 2557 1512 2653 episcopi,
1535 2559 1575 2630 L.
1603 2555 1818 2652 lantgravius
1843 2553 1936 2626 'l'nn-

519 2680 647 2776 ringie,
666 2679 712 2752 A.
735 2679 813 2753 dnx
837 2679 1007 2767 saxonie,
1032 2681 1074 2752 tt.
1099 2681 1175 2755 dux
1196 2682 1345 2777 Spoleti,
1373 2703 1489 2756 comes
1515 2680 1717 2756 llainnrdns
1732 2679 1780 2754 de
1797 2679 1885 2752 Gon
1900 2687 1937 2752 et

518 2804 707 2878 lliccardns
723 2803 911 2898 imperialis
927 2805 1007 2876 acle
1027 2805 1257 2890 camerarius,
1274 2829 1316 2880 ao
1329 2807 1448 2903 plnroe
1459 2806 1519 2880 alii
1535 2807 1597 2901 qni
1611 2805 1851 2880 interfuerunt.

565 2929 652 3004 Aeta
667 2937 749 3002 sont
763 2929 829 3002 hec
846 2949 938 3002 nnnc
952 2929 1126 3004 dominice
1148 2931 1394 3004 incarnationis
1412 2930 1598 3006 millesimo
1617 2929 1855 3004 ducentesimo
1877 2929 1936 3002 vi·

517 3056 644 3130 oesimo
664 3064 780 3144 sexto,
803 3075 922 3126 mense
937 3053 1045 3146 jonii,
1062 3055 1320 3148 quartedccime
1344 3055 1561 3146 indictionis,
1587 3055 1779 3151 imperante
1794 3053 1935 3128 dominc

516 3178 691 3252 Friderico
703 3177 766 3249 Dei
779 3177 888 3270 gratio
904 3177 1129 3250 invictissimo
1144 3179 1376 3252 Romanorum
1390 3181 1608 3275 imperatore,
1623 3201 1759 3276 oemper
1769 3191 1932 3274 angusto,

517 3304 706 3376 lernsalem
726 3311 761 3372 et
778 3301 895 3374 Sicilie
913 3323 996 3395 rege
1013 3302 1276 3396 gloriosissimo,
1294 3325 1387 3377 anno
1403 3307 1480 3398 eins
1493 3306 1638 3378 Romam
1659 3305 1794 3401 imperii
1814 3313 1932 3394 sexto,

518 3427 616 3522 regni
635 3421 903 3520 lerosolymitani
928 3427 1058 3521 primo,
1080 3427 1177 3521 regni
1194 3449 1278 3500 vero
1298 3428 1415 3502 Sicilie
1430 3451 1524 3502 anno
1545 3429 1712 3504 vicesimo
1728 3449 1839 3520 nono,
1859 3427 1936 3502 loli·

520 3551 618 3624 citer.
635 3549 761 3622 Amen.

569 3677 655 3750 nata
676 3675 772 3772 opud
792 3677 945 3771 bmgnm
966 3677 1082 3750 Sancti
1105 3676 1274 3768 Donnini,
1297 3697 1408 3770 anno,
1437 3699 1556 3754 mense
1570 3686 1607 3754 et
1622 3677 1812 3754 indictione
1837 3698 1934 3774 pros·

520 3801 650 3898 criptis.

323 4269 488 4368 suffla
573 4249 804 4356 Fridericus,
824 4247 1084 4330 Romanorum
1113 4247 1337 4358 imperator,
1357 4248 1530 4360 Bopponi
1551 4249 1680 4333 comiti
1702 4249 1751 4332 de
1774 4249 1934 4331 Henne-

351 4377 462 4486 Ὗζῧέθ
519 4375 674 4494 bergio
697 4391 898 4465 rectumst
916 4381 1317 4492 perpetuumleudum
1339 4383 1512 4468 concedit
1527 4410 1661 4467 omnes
1688 4381 1771 4466 ouri
1797 4393 1835 4466 et
1861 4407 1933 4463 ar-

520 4516 623 4628 genti
637 4513 787 4598 lodines
805 4525 842 4598 et
860 4515 935 4598 clio
952 4541 1215 4626 quoecumque
1238 4516 1393 4600 metalla
1410 4527 1449 4602 et
1466 4517 1629 4625 salinas,
1649 4543 1749 4628 quae
1770 4515 1812 4598 in
1833 4524 1935 4598 terro

519 4649 602 4760 ejus
617 4650 756 4732 amodo
770 4662 919 4760 reperta
939 4649 1091 4732 luerint.
