4466 5914
276 561 373 622 irnrur.
392 557 453 638 lt]
731 552 928 616 HISTORIA
952 551 1244 615 DIPLOMATICA.
1630 553 1692 618 643

276 696 510 794 predictorum
523 691 823 790 Hierosolymitani
840 690 1048 788 patriarche,
1068 689 1417 786 archiepiscoporum,
1433 691 1687 787 episcoporum,

278 821 474 920 principum
487 829 523 894 at
537 819 683 894 aliorum
697 818 886 914 imperialis
897 818 977 891 aule
991 837 1171 914 procerum
1183 837 1420 910 quereremus,
1435 836 1498 912 per
1511 835 1571 890 eos
1586 817 1688 892 nobie

277 946 390 1020 extitit
406 943 604 1018 dissuasum
628 953 667 1015 nt
685 943 732 1017 ad
752 952 819 1015 mm
842 941 978 1016 illicitas
1004 939 1186 1038 petitiones
1203 962 1272 1012 non
1292 940 1498 1014 deberemus
1522 941 1684 1036 astringi,

277 1072 368 1146 sicut
390 1070 426 1142 in
453 1067 605 1165 generali
634 1068 760 1163 scripto
789 1067 922 1140 consilii
948 1088 1011 1163 per
1034 1064 1174 1140 eosdem
1200 1066 1349 1160 prelatos
1376 1065 1574 1140 solemniter
1597 1068 1687 1142 facto

278 1195 413 1294 plenius
431 1194 624 1268 sentinetur
637 1189 703 1289 (t).
720 1193 903 1288 Propterea
924 1191 1069 1264 dilectus
1085 1190 1245 1288 princeps
1263 1198 1378 1264 noster
1394 1190 1687 1266 Hildensomensis

277 1321 472 1418 episeopus,
488 1319 545 1392 cui
560 1339 622 1414 per
639 1317 844 1414 apostolicas
858 1317 988 1390 litteras
1003 1325 1055 1392 est
1065 1315 1285 1388 commissum
1299 1323 1350 1408 ut,
1367 1316 1509 1411 quando
1525 1316 1688 1392 dominus

277 1443 486 1542 apostolicus
508 1463 585 1534 uos,
603 1463 720 1537 regem
744 1440 855 1514 filium
873 1451 1045 1534 nostrum,
1065 1440 1248 1536 imperium
1265 1449 1300 1514 ot
1316 1462 1480 1534 regnum,
1502 1441 1601 1534 jura,
1624 1442 1688 1516 bo·

276 1589 378 1642 nores
390 1577 425 1642 et
438 1567 586 1641 rationes
599 1575 733 1641 nostras
747 1587 810 1663 pro
827 1588 870 1642 eo
885 1565 981 1662 quod
995 1587 1084 1640 onus
1099 1565 1349 1660 assumpsimus
1361 1566 1465 1638 Terre
1477 1567 1601 1642 Sancte
1618 1569 1686 1642 sub

276 1694 368 1768 beati
384 1693 475 1768 Petri
491 1701 527 1766 ct
542 1714 606 1766 sua
626 1692 835 1787 protectione
851 1699 1065 1787 susceperat,
1083 1690 1120 1762 in
1136 1691 1390 1786 perturbatores
1407 1691 1577 1764 bonorum
1598 1713 1687 1767 nos-

276 1830 407 1894 trorum
426 1827 461 1892 at
478 1817 608 1912 jurium
633 1817 1002 1892 excommunicationis
1023 1816 1059 1890 in
1082 1837 1247 1911 personas
1264 1823 1299 1888 et
1319 1814 1491 1888 interdicti
1516 1817 1553 1890 in
1577 1825 1685 1892 terras

276 1944 480 2020 sententiam
497 1945 598 2017 torret
621 1942 755 2037 quoties
771 1963 793 2016 a
810 1941 910 2014 nobis
931 1941 1094 2014 existeret
1115 1941 1319 2036 requisitus,
1336 1941 1456 2014 citavit
1472 1940 1632 2034 eosdem
1650 1952 1686 2016 et

275 2071 448 2166 assignato
465 2069 517 2142 eis
535 2067 680 2142 termino
703 2068 820 2164 quoad
840 2067 1122 2142 satisfaciendum
1148 2065 1249 2139 nobis
1273 2065 1318 2140 de
1341 2066 1532 2140 commissis
1556 2089 1684 2142 exces-

275 2196 373 2269 sibus
389 2193 436 2268 ad
460 2192 668 2290 presentiam
689 2202 839 2267 nostram
862 2193 1039 2283 venirent,
1064 2213 1125 2266 cos
1147 2191 1312 2266 inducere
1329 2191 1516 2287 apostolica
1534 2195 1685 2268 auctori-

276 2328 345 2394 tate
368 2341 438 2393 non
463 2317 575 2415 potuit
597 2337 663 2390 nec
688 2339 709 2390 a
736 2317 796 2390 via
820 2317 944 2390 erroris
969 2317 1006 2389 in
1032 2301 1136 2412 quein
1163 2315 1388 2390 deviaverant
1413 2338 1588 2392 revocare.
1614 2321 1684 2394 Nos

275 2465 415 2539 quoque
431 2463 493 2538 per
516 2442 644 2516 litteras
671 2450 805 2514 nostras
828 2442 1001 2516 universis
1022 2451 1057 2514 et
1079 2441 1226 2536 singulis
1244 2463 1364 2516 eorum
1383 2441 1601 2536 injunximus
1619 2469 1685 2543 pe-

275 2569 497 2665 remptorium
513 2568 712 2660 terminum,
732 2565 895 2640 videlicet
909 2567 957 2641 ad
974 2575 1173 2662 sequentem
1188 2566 1281 2642 diem
1300 2568 1378 2640 festi
1396 2569 1505 2642 sancti
1519 2570 1685 2646 iohannis

275 2694 435 2790 proxime
448 2693 598 2789 preteriti
608 2693 658 2790 (2)
670 2693 862 2766 indicentes
879 2693 1025 2784 eisdem,
1042 2713 1113 2789 quo
1130 2715 1168 2766 se
1182 2691 1227 2766 de
1244 2693 1437 2766 commissis
1453 2695 1685 2772 satisfacturos

274 2818 475 2894 excessibus
496 2827 531 2890 at
553 2818 690 2910 injuriis
715 2826 831 2892 nostro
854 2818 1055 2914 conspectui
1076 2825 1326 2914 presentarent3
1348 2817 1445 2912 quod
1467 2819 1685 2914 pertinaciter

275 2951 565 3040 contempserunt.
597 2943 708 3038 Super
737 2943 867 3039 quibus
896 2942 1084 3015 consultati¹
1107 2942 1274 3038 patriarca
1307 2941 1483 3036 predictus
1510 2946 1684 3041 ceterique

274 3069 394 3166 prelati
412 3089 547 3142 necnon
564 3067 737 3164 principes
752 3075 788 3141 et
803 3088 961 3163 proceres
976 3066 1096 3158 nostri,
1115 3065 1251 3161 judices
1265 3066 1361 3139 curie
1376 3075 1490 3142 nostra
1504 3091 1546 3142 ac
1563 3071 1682 3167 plures

275 3196 333 3270 alii
348 3195 533 3291 sapientes,
547 3193 577 3266 si
595 3213 775 3290 possemus
788 3215 829 3266 ac
841 3193 1047 3268 deberemus
1061 3216 1108 3268 ex
1121 3192 1289 3288 dignitate
1305 3199 1422 3265 nostra
1434 3214 1498 3288 pro
1512 3203 1581 3268 tam
1597 3219 1682 3292 gra·

274 3320 377 3394 vibus
394 3318 531 3412 injuriis
555 3327 591 3392 et
610 3317 749 3392 offensis
766 3317 953 3414 procedere
970 3327 1087 3390 contra
1110 3337 1170 3390 eos
1193 3327 1358 3411 tanquam
1377 3328 1494 3392 contra
1513 3341 1589 3392 reos
1612 3323 1685 3394 cri-

274 3445 376 3517 minis
394 3445 474 3518 'loss
495 3444 683 3536 majestatis
700 3444 736 3516 in
753 3443 908 3540 personis
929 3451 965 3515 et
988 3443 1112 3534 rebus,
1135 3451 1170 3516 et
1193 3441 1387 3537 specialiter
1411 3441 1458 3517 ad
1475 3444 1684 3540 imponenda

273 3569 388 3643 banna
411 3577 446 3642 et
463 3569 691 3665 privationem
708 3569 863 3642 omnium
878 3567 1160 3662 jurisdictionum
1181 3577 1250 3640 tam
1267 3568 1424 3642 civilium
1443 3593 1549 3665 qnam
1568 3572 1684 3646 cumi·

274 3695 424 3783 nalium,
443 3701 514 3768 tam
540 3695 814 3769 voluntariarum
834 3715 941 3788 qnam
957 3694 1264 3782 contentiosarum,
1286 3694 1475 3787 regalium,
1497 3695 1682 3792 dationum,

274 3819 473 3911 feudorum,
499 3819 744 3911 donationum,
775 3819 1053 3916 privilegiorum,
1085 3817 1276 3890 officiorum
1299 3817 1495 3911 judicatus,
1526 3822 1686 3898 tabellio-

273 3953 387 4034 natus,
406 3945 589 4018 missorum
612 3943 786 4039 regiorum
803 3951 838 4016 et
853 3943 1008 4016 omnium
1030 3942 1199 4017 honorum
1217 3943 1416 4037 potestarie,
1434 3945 1632 4019 consulatus
1648 3957 1685 4022 ct

273 4078 500 4164 monetarum,
517 4079 551 4144 et
564 4070 792 4167 privationem
806 4069 909 4143 etiarn
923 4070 1078 4145 omnium
1095 4090 1215 4142 eornm
1229 4089 1299 4164 qua
1313 4078 1453 4164 possent
1468 4069 1518 4143 eis
1532 4093 1580 4144 ex
1597 4095 1684 4168 paca

273 4191 468 4266 Constumie
482 4193 654 4268 universis
669 4202 730 4268 aut
744 4193 891 4286 singulis
904 4193 1099 4289 provenire,
1114 4201 1149 4266 et
1164 4213 1283 4266 corum
1300 4191 1538 4288 omniumque
1552 4195 1597 4269 ab
1612 4196 1683 4269 im-

273 4318 366 4413 perio
384 4339 447 4391 seu
471 4340 492 4392 a
515 4317 656 4392 domino
672 4318 846 4393 Friderico
869 4317 1073 4414 imperatore
1094 4339 1161 4391 avo
1186 4325 1304 4392 nostro
1327 4339 1389 4390 seu
1407 4339 1429 4393 a
1444 4327 1542 4414 patro
1566 4330 1683 4396 nostro

308 4623 343 4700 (t)
361 4621 431 4685 Vide
443 4641 526 4700 supra
538 4643 567 4701 p.
584 4630 635 4686 609
649 4633 679 4686 at
690 4642 768 4703 seqq.

308 4722 342 4796 (Ξ)
360 4723 469 4783 Scilicet
478 4727 513 4785 24
522 4725 602 4799 J'unii.
617 4726 732 4786 Litteras
743 4732 833 4785 amen
846 4743 979 4802 nusquam
992 4726 1111 4802 reperire
1124 4725 1270 4801 potuimus.
