4330 5914
541 565 604 628 eso
1042 569 1256 630 rnrunarcr
1283 569 1458 632 succum
1769 567 1848 652 [sul.
1870 572 1955 633 raas.

545 703 658 776 locum
672 702 802 775 indicte
815 703 910 776 curie
922 707 1117 778 memoratis
1134 707 1350 802 principibus
1362 729 1431 780 non
1445 715 1575 803 pateret
1588 727 1761 796 accessus,
1780 706 1957 780 redierunt

545 827 658 898 inviti.
685 829 754 900 Nos
780 849 862 899 vero
887 827 966 900 licet
991 839 1069 922 post
1097 839 1224 904 tantam
1253 832 1415 922 injuriam
1444 832 1676 926 potuissemus
1699 830 1886 926 procedere
1910 830 1955 902 ad

544 950 747 1041 vindictam,
768 952 922 1023 volentes
944 961 1059 1024 tamen
1074 952 1197 1024 Christi
1224 954 1400 1047 negotium
1417 955 1643 1027 vindicationi
1663 967 1697 1026 et
1719 956 1817 1026 lactis
1833 956 1956 1026 nostris

543 1076 683 1147 omnino
700 1095 907 1170 preponere,
924 1076 985 1168 qui
1001 1086 1113 1148 tantas
1126 1077 1268 1168 injurias
1285 1088 1319 1150 et
1336 1087 1479 1150 mortem
1493 1079 1595 1150 etiarn
1609 1079 1772 1150 sustinuit
1788 1081 1956 1173 patienter

542 1199 740 1294 pronubis,
760 1207 926 1292 tanquam
952 1199 981 1270 si
1006 1199 1118 1272 nullas
1138 1201 1422 1274 sustinuissemus
1438 1203 1583 1295 injurias
1598 1225 1618 1274 a
1635 1203 1854 1293 Lombardis,
1881 1203 1955 1276 sine

542 1323 657 1416 aliqua
672 1323 809 1395 illorum
832 1321 980 1410 offensa,
1003 1345 1047 1394 ne
1062 1321 1263 1396 videremur
1285 1325 1375 1396 serio
1392 1333 1426 1396 et
1448 1326 1642 1398 voluntarie
1661 1325 1802 1398 forsitan
1818 1326 1903 1420 ipsis
1921 1335 1955 1398 et

542 1447 619 1519 aliis
633 1447 773 1518 materia
790 1468 865 1518 esse
881 1445 1036 1520 scandali
1056 1446 1243 1540 quilleum
1261 1467 1330 1520 non
1349 1446 1499 1541 diligunt
1511 1471 1575 1520 neo
1590 1449 1739 1522 letantur
1759 1449 1796 1519 in
1814 1449 1955 1522 servitio

541 1581 659 1644 sancto
677 1571 766 1662 ejus,
787 1569 921 1666 pacifici
944 1579 978 1644 et
998 1571 1169 1643 mansueti
1188 1570 1380 1644 redivimus
1398 1572 1433 1642 in
1457 1594 1603 1666 regnum
1627 1582 1801 1663 nostrum3
1826 1575 1954 1644 lactum

541 1697 741 1788 hujusmodi
765 1695 995 1782 ordinationi,
1023 1695 1241 1791 dispositioni
1267 1718 1309 1769 ac
1336 1697 1504 1770 voluntati
1530 1696 1736 1768 sanctissimi
1760 1697 1797 1768 iu
1822 1697 1954 1770 Christo

541 1821 647 1916 patris
670 1821 775 1894 nostri
793 1821 919 1892 summi
937 1818 1110 1914 pontilicis
1127 1828 1162 1892 et
1177 1829 1381 1892 cunctorum
1403 1830 1520 1894 sancte
1539 1822 1690 1892 Romane
1706 1821 1858 1893 Ecclesia
1880 1842 1953 1892 car-

542 1947 709 2019 dinalium
732 1947 981 2018 committentes
1004 1949 1166 2035 omnino,
1182 1955 1218 2018 et
1235 1947 1453 2020 intendentes
1468 1946 1613 2020 sollicite
1632 1967 1735 2042 snper
1752 1946 1953 2018 necessariis

542 2072 619 2144 aliis
631 2093 701 2164 que
718 2072 856 2163 negotio
869 2071 1062 2166 expediunt
1077 2071 1182 2144 Jhesu
1196 2071 1339 2158 Christi,
1358 2082 1396 2143 nt
1409 2071 1555 2144 termino
1566 2069 1774 2143 adveniente
1789 2070 1949 2164 passagii,

542 2194 747 2278 honorifice,
769 2196 859 2267 sicut
883 2195 1000 2285 dccet,
1026 2195 1073 2268 ad
1093 2197 1169 2288 ejus
1190 2195 1369 2268 servitium
1393 2205 1619 2268 transeamus.
1644 2195 1860 2290 Quapropter
1882 2194 1952 2266 dis-

544 2319 728 2390 cretionem
752 2328 847 2390 tuam
867 2318 1092 2413 requirimus,
1113 2341 1160 2391 ex
1180 2327 1276 2414 parte
1296 2321 1358 2392 Dei
1381 2328 1481 2392 etex
1502 2329 1619 2392 nostra
1639 2339 1823 2390 monemus
1844 2327 1952 2390 atten-

543 2444 613 2514 tius
626 2452 660 2514 et
675 2465 835 2536 rogamus
850 2453 1022 2537 quatenus
1036 2453 1104 2516 tam
1120 2445 1375 2538 crucesignatos
1388 2466 1492 2537 quam
1506 2442 1798 2536 crucesignandos
1813 2464 1952 2515 moneas

541 2567 745 2662 propensius
769 2576 803 2640 et
825 2566 1008 2660 diligenter
1030 2568 1177 2642 inducas
1202 2576 1241 2640 ut
1263 2568 1310 2642 ad
1332 2567 1425 2642 idem
1447 2568 1627 2640 servitium
1653 2577 1806 2664 tempore
1829 2568 1950 2642 indicti

542 2693 690 2787 passagii
709 2693 878 2786 generalis
897 2692 1050 2766 hilariter
1066 2703 1102 2766 et
1114 2693 1313 2766 festinanter
1331 2693 1509 2768 accedant.
1529 2695 1599 2766 Nos
1612 2693 1719 2780 enim,
1738 2693 1816 2766 licet
1832 2694 1868 2765 in
1884 2695 1952 2766 col-

542 2817 659 2910 loquio
691 2815 787 2910 quod
818 2837 899 2888 cum
928 2815 1059 2888 nuntiis
1086 2825 1205 2890 sancte
1234 2818 1386 2889 Romane
1415 2816 1566 2890 Ecclesia
1596 2815 1831 2890 cardinalibus
1856 2815 1950 2912 apud

541 2942 703 3014 Sanctum
721 2940 929 3014 Germanum
952 2962 1044 3014 anno
1060 2941 1220 3035 preterito
1242 2940 1509 3026 celebravimus,
1530 2949 1662 3014 certum
1683 2963 1867 3014 numerum
1885 2939 1951 3012 mi·

540 3065 639 3136 litum
656 3073 691 3136 et
711 3075 941 3159 pugnatorum
958 3065 1103 3136 aliorum
1119 3065 1247 3138 docere
1264 3064 1541 3158 promisissemus
1557 3065 1755 3155 nobiscum,
1772 3086 1836 3160 pro
1852 3085 1949 3137 reve·

540 3190 649 3262 rentia
664 3198 779 3260 amen
797 3188 859 3260 Dei
878 3197 913 3260 et
930 3186 1115 3260 devotione
1133 3187 1286 3260 maxima
1306 3210 1413 3281 quam
1437 3189 1605 3262 habemus
1620 3189 1666 3262 ad
1685 3188 1815 3282 ipsum,
1839 3195 1951 3282 preter

540 3313 749 3408 promissum
769 3333 953 3384 numerum
971 3312 1104 3384 cunctis
1126 3311 1203 3383 aliis
1224 3311 1367 3384 transire
1386 3313 1583 3386 volentibus
1604 3313 1649 3384 de
1671 3322 1786 3386 nostro
1808 3311 1950 3384 oonsilio

538 3444 574 3510 et
589 3435 720 3507 auxilio
738 3456 780 3507 ac
794 3435 953 3529 passagio
969 3436 1073 3508 etiam
1089 3435 1202 3508 taliter
1217 3457 1471 3526 succurramus,
1487 3436 1583 3531 quod
1598 3436 1816 3532 Redemptori
1835 3445 1949 3508 nostro

539 3580 604 3655 pro
620 3559 721 3650 cujus
744 3559 872 3632 honore
897 3569 933 3632 ct
955 3581 1071 3634 amore
1092 3561 1130 3634 id
1152 3560 1299 3634 facimus
1316 3568 1351 3632 et
1373 3561 1506 3633 cunctis
1526 3560 1687 3634 fidelibus
1705 3559 1809 3634 valde
1828 3559 1951 3655 poterit

540 3704 616 3756 esse
632 3694 781 3777 gratum.

588 3810 713 3880 Datum
729 3808 845 3902 Fogie,
862 3809 974 3905 primo
988 3809 1047 3884 die
1061 3809 1224 3901 octobris,
1238 3809 1312 3882 XV‘
1327 3807 1536 3882 indictionis.

1404 4103 1734 4116 *nn—m

389 4448 402 4476 0
440 4445 478 4486 a,
592 4391 822 4496 Fridericus,
838 4391 1097 4476 Romanorum
1124 4391 1347 4502 imperator,
1369 4392 1595 4503 Raymundo
1619 4390 1847 4500 berengario
1874 4415 1948 4472 co-

379 4501 428 4532 ⁰⁰⁰
464 4518 470 4530 '
538 4525 622 4606 miti
639 4525 856 4608 Provinciae
874 4525 1072 4608 confirmat
1090 4525 1313 4609 comitatum
1326 4525 1544 4609 Provinciae
1558 4534 1595 4608 et
1608 4523 1861 4633 Forculquerii
1879 4547 1950 4605 nec

536 4682 614 4739 non
642 4657 772 4741 omnia
798 4657 994 4768 privilegiu
1022 4685 1045 4742 s
1071 4657 1423 4767 praedecessoribus
1442 4658 1521 4740 suis
1540 4656 1840 4741 antecessoribus
1867 4655 1948 4766 ejus
