4324 5912
551 593 630 656 10⁰0
1003 587 1130 648 INDEX
1155 585 1508 648 uocuuitttwtttiti.

566 795 679 871 1222

550 899 690 988 ffiffi,
770 916 859 992 apuu
937 949 977 964 -
996 915 1045 976 aa
1061 915 1229 992 penem
1243 913 1393 976 eeumar
1410 915 1495 977 ω
1508 917 1704 991 reema,
1721 915 1780 978 ret
1793 919 1965 978 monum

710 999 921 1060 mimium·
976 1011 1057 1090 quod
1070 1027 1158 1072 nemo
1171 1017 1305 1072 teneatu
1318 1029 1356 1072 ex
1368 1015 1438 1090 Jure
1450 1014 1497 1072 vei
1511 1029 1548 1074 er
1562 1013 1662 1074 debito
1674 1014 1834 1076 concedere
1847 1015 1894 1076 vei
1908 1015 1965 1076 eoi·

976 1125 1047 1168 vere
1059 1107 1146 1168 ieode
1159 1123 1235 1186 quae
1252 1113 1368 1168 tantum
1386 1123 1426 1170 ex
1445 1124 1579 1171 comem
1599 1110 1792 1186 proventibus
1811 1113 1885 1172 sunt
1902 1111 1966 1170 die-

975 1205 1079 1266 tincta.
1910 1215 1964 1268 tiit

551 1319 586 1372 ii
598 1319 686 1375 mart.
714 1308 909 1370 wormatiae.
935 1332 977 1346 -·
990 1299 1045 1360 ed
1061 1301 1231 1378 petitionem
1245 1301 1395 1363 Gebbardi
1409 1301 1493 1363 eiecti
1508 1303 1705 1374 Petauteusts,
1719 1301 1890 1380 promerigat
1901 1319 1965 1364 em·

974 1401 1098 1460 tannem
1118 1400 1216 1460 curiae
1238 1415 1310 1460 suae
1330 1398 1368 1459 de
1390 1397 1478 1460 rebm
1498 1400 1684 1476 episcopatus
1713 1414 1774 1460 non
1802 1397 1966 1459 adenandis

941 1509 943 1512 ’
974 1496 1086 1574 ubsque
1099 1511 1244 1557 consensu
1257 1495 1340 1556 chori
1353 1501 1384 1556 et
1396 1497 1645 1558 ministerialium.
1910 1505 1964 1557 tit

550 1609 686 1666 tamari.
767 1595 857 1674 Apud
935 1625 975 1638 -
995 1593 1043 1654 id
1067 1595 1239 1670 petitionem
1262 1593 1411 1654 Gebbardi
1428 1594 1513 1654 eiecti
1534 1594 1728 1666 Patadmsis,
1746 1595 1965 1671 poeeipttouie

710 1677 917 1738 W⁰im⁸t¹m
974 1693 1149 1752 seutentiam
1166 1691 1334 1768 promulget
1350 1691 1493 1752 adversus
1509 1691 1663 1752 Adramum
1682 1695 1714 1750 et
1730 1689 1887 1752 Aiberium
1906 1691 1965 1751 ire·

974 1794 1034 1848 tres
1047 1787 1084 1848 de
1097 1788 1171 1848 iiais
1184 1787 1352 1864 multosque
1364 1789 1438 1848 aiios
1448 1787 1558 1848 ibidem
1570 1789 1739 1848 nominatos
1752 1787 1964 1862 umieiactoree,

974 1901 1010 1946 eo
1030 1885 1112 1962 quod
1131 1901 1184 1962 per
1205 1901 1255 1946 eos
1274 1885 1397 1945 occis-sia
1418 1885 1604 1946 Patauieuaie
1624 1885 1743 1945 circiter
1762 1901 1816 1946 sex
1837 1887 1966 1946 milibus

973 1997 1141 2042 marcarum
1168 1987 1300 2058 tempore
1323 1980 1520 2057 expeditionis
1544 1982 1758 2041 benemarinse
1778 1979 1966 2040 damnificata

974 2075 1074 2138 inerit.
1790 2085 1849 2137 uae
1863 2083 1895 2136 et
1909 2085 1963 2136 rso

556 2173 1965 2262 [mereo..:....-iibertoeomitideitogenmandntntdebbardoeieet01>aoa-

546 2267 687 2342 cratim]
974 2275 1067 2334 vieuei
1087 2277 1209 2350 eiusque
1227 2273 1366 2334 ccclesiae
1387 2275 1563 2350 promarum
1580 2273 1666 2350 piene
1683 2273 1780 2334 soivat
1798 2291 1859 2352 quo
1877 2277 1965 2351 juxta

973 2373 1105 2430 tenorem
1124 2372 1328 2431 conuentionis
1340 2369 1450 2430 ibidem
1469 2371 1596 2431 incertae
1614 2375 1745 2431 castium
1762 2371 1836 2432 Hah
1850 2374 1882 2431 in
1901 2375 1964 2448 ejus

974 2471 1117 2542 potestate
1135 2465 1240 2526 datum
1253 2465 1325 2538 init,
1340 2483 1436 2544 usque
1448 2465 1522 2526 dum
1534 2465 1647 2526 domiui
1660 2465 1698 2527 de
1710 2467 1783 2530 Hele
1799 2469 1838 2528 de
1850 2467 1964 2527 damnis

974 2561 1468 2639 etiujuriiehuicecciesieeiiietie
1481 2561 1699 2622 semiseiaeent.
1908 2571 1959 2623 ‘iti

550 2668 686 2725 itmurt.
715 2658 904 2720 wormatiae
934 2691 975 2705 -
994 2660 1101 2720 itetam
1125 2659 1215 2720 babet
1238 2660 1426 2722 donationem
1452 2675 1552 2720 coram
1576 2663 1713 2737 episcopo
1734 2665 1766 2720 et
1793 2661 1963 2722 condiaris

974 2757 1158 2818 Wormetiae
1175 2755 1315 2817 coenobio
1329 2757 1435 2818 Beatae
1453 2756 1618 2817 Mariae·iu
1641 2757 1802 2836 otterburg
1821 2757 1930 2818 iactam
1946 2775 1963 2817 a

973 2853 1138 2914 liudewino
1151 2854 1244 2914 miiite
1257 2853 1295 2913 de
1307 2853 1506 2916 Fiambumen
1520 2859 1550 2913 et
1561 2851 1724 2916 Mussiviiia
1736 2857 1802 2932 eius
1822 2871 1915 2916 uxore
1928 2856 1963 2915 de

974 2951 1201 3028 curiaquadam
1214 2952 1398 3012 wormatiae
1411 2954 1479 3012 sita.
1909 2961 1962 3013 itt

548 3059 585 3112 ii
600 3053 672 3130 april
677 3088 918 3111 ........
934 3079 975 3094 -
994 3047 1357 3110 Decunobeateebiariae
1375 3055 1406 3110 et
1425 3049 1568 3110 advocato
1582 3048 1715 3126 aquensi
1728 3049 1901 3110 mandatut
1916 3065 1963 3108 ee·

974 3145 1093 3208 ciceiam
1108 3147 1190 3208 Beati
1207 3145 1359 3206 Adaiberti
1380 3161 1469 3224 super
1486 3147 1574 3207 bouis
1587 3147 1669 3223 apud
1687 3145 1843 3207 Bestwiire
1862 3151 1964 3205 contra

974 3244 1112 3302 comitem
1135 3242 1332 3303 iuliaceneem
1350 3247 1381 3302 et
1400 3259 1489 3320 super
1507 3244 1595 3304 bonis
1617 3243 1698 3320 apud
1717 3243 1793 3304 01ne
1820 3249 1851 3303 et
1870 3243 1964 3303 Soruu

975 3345 1079 3399 contm
1091 3339 1278 3401 Wairemom
1291 3339 1329 3398 de
1342 3337 1484 3417 iduudoie
1497 3355 1535 3400 cx
1549 3346 1633 3416 perte
1646 3355 1702 3402 sua
1712 3344 1865 3400 tueantur.
1909 3347 1964 3399 tat

548 3451 586 3504 ii
599 3444 685 3521 april.
702 3438 756 3516 dp.
768 3437 921 3501 Wudaua
934 3467 975 3482 -
995 3437 1103 3498 Rutam
1118 3435 1208 3498 babet
1227 3436 1417 3498 donadonem
1434 3433 1650 3514 abiarquardo
1667 3437 1781 3496 mtario
1799 3452 1855 3496 suo
1870 3436 1965 3496 iiber-

974 3534 1068 3595 bardo
1088 3533 1188 3596 abbati
1202 3533 1239 3595 de
1258 3533 1356 3594 Salem
1376 3533 1484 3595 metam
1497 3534 1635 3596 dedomo
1648 3551 1739 3612 quam
1755 3533 1837 3611 apud
1851 3533 1965 3595 Ulmum

974 3633 1100 3710 propriis
1113 3631 1280 3710 sumptibus
1293 3633 1349 3692 lete
1361 3629 1511 3705 tutuderit,
1525 3646 1595 3692 cum
1609 3631 1721 3708 capelia
1733 3637 1764 3692 et
1776 3639 1862 3694 curte
1873 3631 1965 3692 dden

974 3729 1178 3791 attinentibus.
1909 3739 1964 3791 itt

547 3841 584 3894 ii
599 3833 684 3912 eprii.
716 3827 906 3908 Aqubgreui.
934 3861 976 3874 -
994 3831 1101 3891 Notum
1114 3827 1187 3888 iecit
1195 3828 1436 3905 compositionem
1449 3827 1598 3888 mediante
1611 3826 1787 3906 Engeibmto
1800 3827 1965 3888 coloniensi

973 3925 1190 4002 archiepiscopo
1202 3926 1306 3985 initam
1324 3927 1403 3985 inter
1422 3925 1555 3985 Tiricum
1569 3925 1748 3986 Dunreetein
1765 3931 1796 3985 et
1812 3925 1965 3986 occidam

972 4021 1144 4100 Aquensem
1161 4037 1250 4096 super
1262 4021 1386 4084 decimis
1402 4025 1434 4081 et
1452 4021 1518 4081 aitis
1535 4019 1622 4081 bonis
1635 4037 1711 4099 quae
1724 4021 1830 4082 eadem
1843 4021 1966 4081 ecelesia

973 4119 1061 4178 babet
1075 4117 1153 4194 apud
1166 4117 1278 4194 sinnig.
1906 4127 1961 4178 iet

560 4230 579 4284 e
592 4223 674 4284 maii.
716 4219 906 4300 Aquisgreni.
934 4247 974 4262 -
993 4217 1182 4292 Priviiegium
1197 4219 1308 4292 epatre
1320 4229 1375 4275 suo
1388 4215 1527 4276 ecciesiae
1540 4213 1774 4276 SanctiSerratii
1786 4215 1819 4274 in
1830 4215 1964 4292 Deiecto

973 4327 1144 4373 concessum
1158 4309 1331 4384 confirmat,
1347 4311 1493 4389 quasdam
1505 4311 1589 4372 addit
1604 4311 1820 4388 exemptiones,
1841 4328 1964 4372 conom-

973 4411 1144 4486 siuuemque
1156 4425 1175 4469 e
1189 4410 1352 4485 praeposito
1362 4409 1495 4488 Aqueusi
1506 4415 1537 4470 et
1546 4409 1728 4486 Traiectensi
1747 4408 1858 4468 tectam
1870 4391 1971 4469 eidem

972 4508 1110 4568 cccieeim
1124 4513 1219 4568 ratam
1233 4506 1334 4567 habet.
1789 4515 1847 4567 its
1862 4511 1892 4566 et
1906 4513 1962 4565 'iti

549 4615 583 4671 ii
603 4611 684 4671 mali.
708 4607 901 4687 Aquiegrani.
932 4639 973 4654 -
993 4605 1153 4666 Ecclesiam
1167 4604 1250 4664 Beati
1268 4601 1420 4664 Adaiberti
1440 4601 1477 4663 de
1495 4601 1592 4681 Aquis
1612 4601 1668 4663 sub
1688 4617 1742 4662 sua
1761 4601 1881 4678 spectati
1894 4617 1961 4678 pro-

739 4779 742 4784 ·
923 4645 931 4778 Ι
971 4705 1096 4764 tectione
1115 4703 1218 4779 recipit
1235 4707 1265 4762 et
1282 4702 1310 4760 ei
1322 4695 1487 4763 ‘coninmt
1509 4701 1612 4762 omnia
1629 4715 1707 4779 queo
1724 4698 1962 4778 praeductam
