4466 5914
490 564 551 628 cao
990 569 1205 632 rurnurucr
1230 569 1403 632 sacuunr
1715 567 1797 648 [um.
1814 567 1904 632 1666.

495 700 627 776 dictum
644 701 766 775 Christi
785 705 961 800 negotium
978 715 1183 802 postponere
1200 727 1270 778 non
1292 725 1476 802 possumus
1496 724 1561 777 666
1580 703 1765 796 dehemus,
1781 703 1905 776 illustri

495 824 577 898 duci
597 825 642 899 de
662 826 848 900 Brunswilr
867 827 993 902 dilecto
1013 829 1160 924 principi
1179 837 1295 902 nostro
1313 850 1376 924 per
1390 828 1520 902 litteras
1541 827 1757 922 injungimus
1777 830 1906 920 majes-

493 951 573 1022 tatis
591 959 706 1024 nostra
724 961 763 1024 ut
782 953 828 1026 66
846 953 1124 1048 componendum
1141 963 1175 1025 66
1190 952 1443 1048 pacificandum
1462 953 1632 1026 intervos
1648 963 1683 1025 66
1703 953 1905 1050 episcopum

494 1084 722 1148 memoratum
744 1076 961 1173 interponere
983 1077 1121 1152 studeat
1142 1088 1259 1174 partes
1283 1101 1381 1166 suas,
1409 1077 1457 1150 ita
1480 1077 1629 1172 quodsi
1655 1087 1801 1171 utraque
1825 1099 1905 1173 pars

489 1201 593 1293 juxta
615 1199 819 1273 mandatum
844 1211 999 1274 nostrum
1022 1201 1134 1276 eidem
1152 1203 1233 1275 duci
1251 1201 1471 1296 acquiescere
1487 1221 1557 1274 non
1578 1201 1775 1274 curaverint
1789 1201 1905 1274 humi·

492 1323 570 1396 liter
586 1345 629 1396 66
646 1325 771 1400 devote
789 1335 829 1398 ut
845 1325 959 1416 decet,
976 1327 1173 1400 convocatis
1193 1326 1239 1400 ad
1256 1349 1294 1400 sa
1313 1325 1448 1422 imperii
1472 1324 1634 1400 fidelibus
1650 1347 1697 1400 ex
1711 1335 1808 1422 parte
1825 1347 1906 1398 nos-

493 1457 564 1540 tra,
585 1459 619 1522 66
644 1449 817 1524 innocenti
837 1451 927 1547 parti
945 1452 973 1523 si
992 1473 1081 1548 opus
1104 1453 1207 1525 inerit
1230 1475 1310 1524 cnm
1332 1450 1464 1524 eisdem
1490 1451 1616 1524 nostris
1641 1449 1804 1524 fidelibus
1827 1471 1906 1524 me-

495 1573 613 1647 diante
626 1575 760 1668 justitia
775 1576 813 1648 in
826 1576 996 1648 auxilium
1011 1577 1168 1666 veniens,
1187 1577 1353 1650 malitiam
1370 1585 1407 1650 et
1424 1575 1620 1671 snperbiam
1639 1575 1748 1671 partis
1761 1576 1905 1650 adverae

495 1707 668 1788 conterat,
701 1707 804 1794 prout
830 1699 957 1773 viderit
987 1700 1294 1796 comprimendam.
1322 1699 1474 1794 Ideoque
1505 1698 1660 1772 fidelitati
1691 1710 1805 1772 vestre
1838 1699 1905 1772 sub

493 1825 633 1898 obtentu
653 1825 763 1918 gratie
789 1837 904 1897 nostre
922 1825 1075 1898 districte
1090 1825 1315 1922 precipiendo
1335 1825 1542 1898 mandamns
1561 1835 1749 1919 quatenus,
1767 1847 1811 1897 ne
1832 1847 1904 1897 ser·

494 1949 617 2021 vitium
632 1951 713 2022 lesu
732 1949 855 2021 Christi
868 1949 912 2021 ad
930 1950 1025 2043 quod
1037 1951 1225 2044 adjuvante
1243 1952 1319 2045 ipso
1338 1959 1492 2046 potenter
1508 1949 1721 2044 accingimur
1736 1971 1777 2022 66
1794 1949 1903 2022 liben-

492 2085 557 2161 ter,
579 2085 717 2170 propter
737 2075 929 2148 discordias
952 2087 987 2148 et
1004 2098 1146 2170 guerras
1159 2086 1291 2150 vestras
1304 2076 1340 2148 in
1358 2076 1516 2172 partibus
1534 2077 1618 2170 ipsis
1634 2077 1747 2148 valeat
1760 2075 1905 2148 ulterius

494 2199 672 2294 impediri,
698 2221 804 2296 super
825 2201 1066 2273 reformatione
1091 2201 1186 2296 pacis
1209 2209 1244 2273 et
1265 2201 1420 2274 sedanda
1442 2200 1614 2274 discordia
1640 2199 1796 2296 predicto
1822 2198 1904 2272 duci

492 2324 717 2419 acquiescatis
740 2325 915 2397 humiliter
935 2335 969 2397 et
992 2325 1134 2416 devote,
1164 2347 1209 2397 ne
1233 2333 1371 2421 propter
1397 2325 1597 2418 hujusmodi
1621 2345 1763 2420 guerras
1786 2333 1904 2398 contra

492 2471 557 2523 vos
573 2451 682 2521 Deum
701 2461 736 2521 et
753 2449 910 2524 homines
924 2451 1137 2546 provocetis;
1158 2451 1263 2524 immo
1279 2449 1325 2524 de
1342 2459 1500 2546 prompta
1517 2451 1702 2524 devotione
1719 2457 1850 2542 vestra,
1873 2448 1903 2522 si

494 2573 696 2646 obedientes
718 2575 850 2648 fueritis
878 2575 915 2646 in
938 2574 1005 2648 hac
1028 2583 1148 2671 parte,
1172 2575 1420 2672 plenitudinem
1445 2585 1561 2648 nostre
1584 2574 1693 2668 gratia
1719 2573 1904 2672 promereri

491 2699 643 2796 possitis.

542 2827 667 2898 Datum
680 2826 776 2922 apud
794 2825 945 2921 burgum
961 2826 1075 2900 Sancti
1095 2825 1260 2915 Donnini‚
1280 2825 1310 2899 V
1320 2825 1412 2919 julii,
1433 2825 1526 2898 Xllll
1542 2822 1741 2896 indictione.

293 3367 460 3466 leffium
548 3353 671 3438 Series
679 3351 1020 3434 instrumentorum
1030 3347 1171 3460 quibus
1180 3347 1672 3456 Fridericus‚llomanorum
1684 3347 1903 3456 imperator,

324 3476 433 3586 ttllff’
495 3485 682 3572 universis
695 3483 872 3569 fidelihus
886 3484 965 3566 suis
978 3483 1019 3565 in
1034 3483 1200 3567 Saxonia
1213 3482 1372 3565 mandat
1389 3489 1433 3565 ut
1448 3489 1601 3592 propter
1617 3507 1795 3592 guerram
1808 3479 1907 3563 inter

494 3621 690 3706 Bodonem
717 3621 765 3703 66
791 3617 1009 3702 Homborch
1033 3644 1080 3700 ex
1107 3643 1185 3700 una
1211 3627 1318 3727 parte
1344 3627 1381 3700 66
1402 3615 1580 3700 comitem
1601 3615 1838 3697 Bernardum
1857 3615 1905 3697 66

495 3754 720 3866 Spigelberg
745 3752 904 3864 ejusque
926 3752 1093 3835 fautores
1114 3779 1162 3834 ex
1184 3751 1322 3858 altera,
1340 3777 1439 3861 quae
1461 3748 1628 3832 ecclesiis
1645 3747 1713 3830 Ilei
1735 3757 1773 3831 et
1790 3775 1906 3858 prae-

495 3891 604 4001 cipue
647 3887 823 3998 episcopo
854 3885 1126 3970 Hildesemensi
1158 3886 1301 3969 damna
1327 3885 1441 3968 infert
1471 3883 1743 3996 negotiumque
1770 3883 1906 3964 Terrae

496 4025 657 4106 Sanctae
669 4021 842 4132 impedit,
853 4019 941 4103 duci
959 4021 1008 4103 de
1023 4019 1247 4106 Brunswick
1260 4021 1491 4104 adhaereant
1508 4027 1545 4100 et
1558 4015 1737 4101 obediant
1748 4041 1819 4126 pro
1833 4017 1907 4098 ista

492 4158 662 4244 sedanda
678 4153 881 4240 discordia.

1181 4319 1210 4391 1.

590 4507 711 4588 (Sdldlt.
722 4506 763 4568 Η.
774 4504 967 4580 smmum,
981 4500 1192 4588 Merlrourdlpt
1204 4501 1335 4568 llrknud.
1342 4502 1401 4586 sur
1413 4499 1606 4566 616116666οή6
1616 4497 1805 4574 66616666.
1817 4497 1901 4572 thail,

632 4624 665 4675 n·
674 4613 782 4686 XLlll,
797 4630 829 4690 p.
842 4621 892 4685 92,
906 4629 944 4674 ex
956 4613 1111 4692 diplomat.
1126 4613 1260 4676 llllderlr.
1276 4613 1362 4676 MSS.
1374 4645 1413 4660 -
1422 4613 1621 4674 Mentoratum
1633 4603 1840 4670 tantummodo
1851 4619 1901 4681 ap.

631 4722 760 4796 Scauro,
779 4717 892 4802 061616.
909 4717 1016 4803 Gutta,
1029 4727 1055 4784 t.
1071 4722 1127 4801 111,
1141 4739 1173 4799 p.
1189 4719 1271 4801 667.)
