4326 5910
192 623 291 683 lunser.
309 617 371 704 ro]
642 613 838 677 HISTORIA
862 612 1153 676 nlsnonsrlcs.

246 1181 449 1286 IIenricus‚
469 1179 729 1264 Romanorum
746 1205 837 1286 rex,
856 1185 957 1261 vetat
971 1175 1120 1286 nequis
1136 1172 1347 1284 praefectus
1363 1172 1423 1256 vel
1442 1171 1603 1256 advoca·
1644 1195 1711 1294 ωσι

192 1325 255 1397 tus
273 1313 314 1396 in
327 1315 521 1400 Walbeim
532 1313 673 1406 ,fratres
689 1311 876 1396 Dominici
895 1309 1093 1422 Sepulchri
1112 1309 1215 1420 apud
1230 1305 1478 1392 Denkendorl
1491 1331 1601 1390 com·-

193 1457 386 1532 morantes
403 1447 605 1532 molestare
621 1457 840 1558 praesumat
851 1447 891 1528 in
907 1445 1145 1556 possessione
1160 1443 1350 1528 bonorum
1366 1467 1465 1556 quae
1479 1466 1603 1552 quon-

191 1581 283 1664 dam
301 1580 480 1665 Albertus
501 1584 651 1689 [eomes]
669 1582 718 1664 de
735 1579 837 1666 Calw
856 1579 999 1663 eisdem
1016 1577 1198 1662 fratribus
1215 1576 1388 1662 contulit.

271 1797 385 1873 (salon
397 1797 585 1870 Scrurrnnnr¹
602 1794 765 1860 ommno
784 1795 833 1858 der
852 1793 946 1859 Kloet.
966 1793 1167 1878 Dealeorlorff,
1181 1796 1300 1876 Beylag.
1315 1803 1349 1856 n·
1364 1803 1381 1855 6
1398 1791 1454 1874 (1),
1467 1799 1497 1854 et
1509 1793 1602 1855 Bsitr.

269 1935 273 1944 ·
311 1920 369 1964 sau
398 1901 496 1968 surb
516 1920 573 1966 ooo
596 1901 760 1980 woman,
786 1905 832 1978 11,
859 1913 927 1966 250.
952 1903 1014 1966 Sub
1038 1905 1096 1964 Ista
1118 1920 1177 1982 qun
1203 1903 1300 1964 edttur
1328 1899 1423 1970 torma
1442 1901 1603 1963 documen·

312 2016 379 2072 tum
391 2016 562 2090 corruptum
574 2017 627 2074 aut
639 2011 742 2074 saltem
754 2013 929 2090 coemptum
940 2009 1118 2090 censemus.)

240 2199 284 2268 II.
303 2199 366 2270 Dci
382 2198 492 2294 gratia
507 2199 737 2272 Romanorum
755 2221 831 2288 rex,
847 2221 982 2295 semper
996 2208 1180 2294 augustus,
1197 2198 1369 2272 universis
1381 2197 1503 2272 Christi
1518 2197 1603 2272 lide-

195 2323 286 2395 libus
304 2323 394 2396 hanc
412 2323 575 2420 paginam
597 2323 857 2420 inspicientibus
875 2326 1018 2420 gratiam
1037 2346 1136 2397 suam
1155 2334 1189 2397 et
1211 2345 1314 2398 omne
1333 2323 1476 2396 bonum.
1497 2325 1604 2396 Inno-

191 2455 299 2520 tescat
321 2448 539 2544 presentibus
563 2457 597 2522 et
617 2449 741 2521 tuturis
768 2449 864 2544 quod
886 2448 929 2521 Α.
956 2448 1001 2522 de
1024 2448 1121 2522 Calw
1145 2447 1236 2522 bone
1257 2447 1421 2520 memorie
1443 2448 1605 2521 fratribus

189 2571 360 2644 Dominici
381 2571 537 2670 Sepulcri
553 2574 648 2669 apud
662 2575 916 2648 Denclrendorff
927 2571 1217 2648 commorantibus
1234 2574 1325 2648 bona
1342 2573 1493 2670 quedam
1507 2571 1603 2669 apud

189 2697 379 2790 Walbeim,
404 2697 451 2772 ob
475 2697 667 2772 remedium
693 2699 809 2774 anime
835 2723 916 2792 sue,
943 2701 1039 2772 nullo
1059 2700 1177 2773 habito
1204 2708 1361 2796 respectu
1386 2697 1431 2772 ad
1451 2699 1602 2793 aliquem

189 2822 257 2894 nisi
268 2822 334 2894 sub
347 2825 457 2896 torma
468 2824 701 2920 protectionis,
713 2825 750 2896 in
765 2835 969 2922 perpetuum
980 2825 1124 2898 eontulit
1137 2823 1359 2922 possidenda.
1369 2825 1600 2910 Quamobrem

191 2958 384 3043 presentem
401 2949 563 3045 paginam
581 2949 681 3044 signo
694 2960 809 3024 nostro
827 2951 1062 3044 consignatam
1075 2949 1228 3048 predicte
1238 2941 1357 3024 domui
1372 2949 1596 3042 contulimus;

190 3073 345 3146 districte
367 3075 595 3172 precipientes
620 3097 666 3150 ne
689 3075 768 3170 quis
793 3077 964 3172 prefectus
988 3077 1045 3150 vel
1067 3075 1257 3150 advocatus
1279 3076 1315 3148 in
1336 3075 1505 3148 Walbeim
1529 3097 1600 3171 qua

190 3197 318 3271 ductus
335 3200 477 3273 vesania
496 3199 707 3296 sepedictam
726 3199 871 3274 domum
888 3201 1004 3296 aliqua
1027 3211 1133 3276 vexet
1151 3201 1308 3274 molestia
1324 3201 1381 3274 vel
1400 3201 1596 3292 exactione5

188 3321 288 3418 quod
316 3323 453 3420 penitus
482 3323 691 3398 inhibemus.
721 3325 860 3422 Siquis
889 3335 1005 3399 autem
1031 3333 1235 3400 memoratos
1261 3325 1382 3399 fratres
1413 3325 1450 3397 in
1481 3326 1597 3420 aliquo

188 3469 336 3543 gravare
355 3449 589 3544 presumserit,
609 3449 775 3524 offensam
792 3451 922 3546 Qum
946 3474 984 3524 se
1006 3451 1142 3526 noverit
1167 3450 1374 3524 omnimodis
1398 3450 1595 3523 incurrisse.

239 3573 364 3647 Datum
380 3575 476 3672 apud
490 3575 585 3670 Ulm,
601 3575 681 3649 XIII
696 3575 862 3652 kalendas
880 3578 1041 3652 februarii
1056 3576 1123 3676 (2),
1143 3573 1599 3682 presente[arcbi]episcopo

188 3699 385 3774 Coloniensi
401 3709 436 3774 et
451 3700 541 3776 duco
557 3703 717 3796 Bavaris,
736 3703 861 3776 comite
876 3703 921 3777 de
942 3705 1053 3797 DIetz,
1075 3727 1155 3776 curn
1175 3703 1341 3777 ministris
1358 3702 1451 3798 regis
1471 3702 1599 3797 Megil-

187 3823 263 3897 Iino
278 3833 313 3898 et
327 3827 470 3900 sculteto
489 3827 526 3899 in
541 3827 697 3924 Ldingen
715 3826 769 3927 (t)
786 3838 821 3902 et
834 3829 914 3906 aliis
929 3829 1206 3926 quampluribus.

228 4187 263 4261 (t)
281 4188 363 4270 Extat
384 4187 483 4247 ibidem
501 4189 553 4248 sub
565 4200 598 4248 n⁰
612 4195 628 4248 3
642 4191 808 4250 confirmatio
828 4191 980 4252 donationis
1001 4193 1122 4268 ejusdem
1143 4209 1160 4251 a
1179 4193 1300 4252 Conrado
1319 4194 1446 4270 epIscopo
1465 4195 1597 4269 SpireusI;

186 4285 262 4360 apud
281 4285 360 4359 Ulm,
374 4303 439 4346 ann.
456 4289 562 4347 ItomIni
581 4289 651 4350 MCC
668 4289 796 4350 uicesimo
811 4296 917 4365 quarto,
931 4291 996 4349 XIII
1013 4291 1067 4350 kal.
1082 4290 1226 4362 Iebmarii3
1243 4291 1290 4350 sed
1306 4291 1395 4351 miuus
1412 4299 1501 4363 reeta,
1515 4311 1600 4370 quum

185 4385 378 4459 legendumsit
389 4403 408 4444 a
421 4387 544 4448 conrado
556 4390 677 4465 episopo
689 4392 844 4463 Portasset,
859 4391 948 4470 Ulmo,
962 4391 1009 4450 XI
1018 4389 1071 4449 Iol.
1082 4389 1229 4465 fcbmcra'r',
1238 4392 1318 4464 XIII
1324 4391 1482 4479 laniatione,
1495 4399 1526 4452 nt
1537 4410 1601 4454 mo-

185 4483 250 4541 nuit
266 4483 363 4542 Sta'IIn.
1126 4519 1131 4528 ·

227 4579 262 4656 (Ξ)
277 4583 440 4642 Memoratur
453 4601 496 4662 ap.
512 4587 663 4660 Bonum,
678 4590 778 4664 neusse.
792 4590 901 4664 imper„
915 4588 1027 4662 praelat.
1040 4605 1068 4663 p.
1084 4589 1236 4647 LXXXVI.
1252 4604 1285 4646 ex
1298 4589 1420 4648 Serena
1432 4590 1598 4666 Goplolbocb

187 4681 218 4738 In
232 4681 305 4738 areb.
326 4683 531 4757 IIarlsrubensi,
551 4691 570 4742 t.
586 4687 619 4758 II,
638 4685 657 4743 I.
678 4692 726 4758 33,
740 4687 810 4744 aliud
822 4687 990 4761 privilequm
1008 4687 1115 4744 chuci
1127 4688 1211 4760 regis,
1227 4687 1318 4744 datum
1331 4688 1438 4761 Ulmus,
1451 4691 1478 4748 X
1491 4691 1545 4748 Iral.
1560 4693 1597 4751 Ie·
1675 4692 1678 4698 ’

186 4779 291 4841 brnoni
307 4784 376 4840 tm
390 4784 493 4858 (tato),
509 4801 562 4859 quo
575 4785 697 4843 homines
710 4786 862 4846 monosterii
877 4785 911 4844 de
926 4785 1015 4844 Salem
1028 4784 1063 4844 ab
1076 4786 1147 4844 omni
1162 4785 1276 4844 seculari
1291 4786 1473 4860 jurIsdictione
1494 4791 1595 4848 eximit.

1677 1207 1781 1305 Julius
