4326 5910
1063 555 1240 617 llElllllGl
1265 553 1436 620 scrutur
1760 558 1846 640 [asu.
1863 561 1949 626 lm

403 1249 492 1292 nm,
587 1172 793 1282 Henricus,
813 1173 1076 1260 Romanorum
1102 1199 1188 1281 rex,
1209 1175 1443 1260 monasterio
1470 1174 1632 1258 Sanctae
1651 1175 1888 1287 Wulpurgoe
1913 1177 1952 1258 in

394 1303 424 1336 ‘¹¹
482 1321 489 1336 ·
534 1330 644 1390 secra
662 1307 770 1420 sylva
794 1307 843 1391 ab
870 1317 981 1393 atoue
1007 1333 1078 1392 suo
1104 1309 1202 1392 duce
1222 1307 1413 1394 Friden'co
1438 1307 1600 1394 fundato
1618 1309 1792 1394 concedit
1814 1319 1859 1393 nt
1882 1336 1954 1420 pro

535 1442 757 1525 necessitate
778 1441 869 1524 salis
895 1465 1034 1526 navem
1061 1446 1180 1526 unam
1203 1441 1343 1528 habeut
1367 1467 1436 1554 per
1453 1443 1604 1529 alveum
1627 1443 1750 1529 Rheni
1771 1451 1953 1555 perpetro

427 1605 435 1621 ·
535 1573 618 1659 sine
634 1574 765 1687 eliqua
776 1574 942 1661 thelonei
959 1575 1167 1662 exactione.

615 1813 778 1897 (ineditum
791 1824 822 1880 et
833 1833 988 1898 uunquam
1001 1823 1214 1893 momorum
1228 1833 1268 1896 ox
1287 1817 1423 1898 originali
1441 1818 1474 1880 tn
1490 1817 1613 1881 nrcbtvo
1625 1815 1768 1898 praelect.
1781 1817 1951 1898 Argum,

659 1923 753 1986 Tttres
769 1921 805 1986 dc
825 1920 1002 2006 Wauoep.)

584 2138 628 2209 H.
647 2138 709 2210 Dei
733 2137 844 2232 gratia
858 2139 1091 2212 Romanorum
1115 2160 1180 2212 rex
1201 2148 1236 2212 et
1260 2159 1397 2236 semper
1418 2150 1602 2234 augustus,
1620 2139 1793 2214 universis
1816 2139 1952 2235 imperii

535 2261 699 2336 fidelibus
716 2271 786 2334 tam
809 2263 1029 2358 presentibus
1044 2285 1149 2358 quam
1169 2263 1295 2338 tuturis
1312 2263 1442 2360 quibus
1459 2264 1525 2338 hee
1539 2263 1651 2339 littere
1663 2273 1801 2338 ostense
1825 2264 1953 2338 suerint

535 2386 683 2480 gratiam
706 2408 805 2460 suam
826 2395 861 2460 et
883 2408 986 2460 omne
1003 2387 1146 2461 bouum.
1169 2385 1445 2484 significandum
1464 2382 1754 2462 vobis'duximus
1771 2389 1869 2486 quod
1889 2409 1954 2462 nos

535 2510 584 2586 ad
598 2510 819 2586 commodum
834 2521 869 2594 at
880 2511 1075 2610 proficuum
1093 2514 1291 2587 monasterii
1303 2517 1427 2588 Sancte
1439 2515 1628 2612 Walpnrge
1640 2514 1677 2587 in
1688 2536 1786 2588 sacra
1799 2513 1889 2589 silva
1902 2512 1951 2607 (l)

536 2635 582 2710 ab
612 2637 887 2711 antecessoribus
919 2639 1045 2712 nostris
1074 2639 1305 2712 Romanorum
1334 2639 1599 2736 imperatoribus
1622 2647 1658 2714 et
1689 2639 1885 2736 specialiter
1906 2639 1952 2712 ab

536 2771 638 2836 atavo
663 2770 779 2835 nostro
803 2762 894 2837 duce
918 2757 1094 2837 Friderico
1121 2761 1257 2838 fundati
1272 2771 1308 2836 et
1328 2761 1374 2838 de
1392 2763 1493 2838 bonis
1509 2786 1630 2838 eorum
1650 2763 1836 2861 magnifice
1853 2762 1953 2838 ditati

535 2895 729 2985 promptam
749 2887 918 2962 habentes
941 2889 1175 2982 voluntatem,
1198 2889 1245 2964 ad
1262 2889 1465 2964 eorumdem
1482 2889 1740 2988 progenitorum
1757 2899 1953 2964 nostrorum

535 3012 775 3106 imitationem,
795 3014 861 3111 ipsi
875 3016 1084 3089 monasterio
1098 3013 1322 3112 indulgemus
1335 3025 1369 3090 et
1383 3015 1606 3090 concedimus
1619 3024 1660 3088 ut
1673 3036 1738 3112 pro
1749 3015 1954 3090 necessitate

535 3138 618 3211 salis
632 3139 753 3212 tratres
767 3137 899 3213 ibidem
909 3137 1087 3213 Altissimo
1098 3139 1306 3214 famulantes
1320 3161 1446 3215 navem
1460 3161 1564 3214 unam
1578 3139 1952 3236 habeuntperulveum

534 3262 621 3336 lieni
637 3271 805 3360 perpetuo
822 3263 1090 3339 descendentem
1107 3274 1143 3338 et
1164 3265 1407 3340 ascendentem
1426 3264 1463 3338 iu
1478 3265 1654 3340 conductu
1675 3272 1793 3338 nostru
1807 3271 1849 3336 et
1865 3283 1953 3360 pro-

535 3387 685 3462 tectione
702 3397 838 3482 nostra,
854 3387 987 3488 absque
1009 3390 1156 3486 alicujus
1170 3391 1321 3465 thelonei
1344 3373 1538 3466 exactione.
1558 3389 1767 3466 Mundamus
1790 3389 1898 3484 igitur
1919 3397 1953 3462 et

535 3513 603 3586 sub
629 3513 907 3590 interminatione
933 3516 1043 3609 gratie
1071 3524 1187 3590 nostre
1213 3515 1367 3592 districte
1388 3515 1599 3612 precipimus
1619 3524 1660 3588 ut
1683 3515 1802 3588 nullus
1823 3513 1869 3587 sit
1890 3513 1953 3608 qui

535 3637 709 3736 predictos
726 3641 847 3714 fratres
859 3642 916 3715 vel
932 3661 1052 3715 eorum
1068 3641 1208 3715 nuutios
1225 3663 1330 3738 super
1345 3641 1451 3734 bnjns
1468 3650 1585 3714 nostre
1596 3639 1828 3714 concessionis
1843 3637 1954 3734 gratia

536 3763 719 3839 molestare
744 3765 873 3840 audeat
890 3766 949 3839 vel
969 3763 1151 3863 impedire.
1171 3764 1274 3853 Quod
1294 3765 1357 3861 qui
1379 3765 1499 3838 lecerit
1521 3764 1769 3861 omnipotentie
1785 3764 1847 3836 Dei
1866 3762 1953 3835 irum

536 3897 572 3963 et
589 3889 685 3985 regie
701 3891 889 3984 majestatis
909 3891 1075 3965 offensem
1093 3913 1131 3964 se
1146 3890 1282 3966 noverit
1299 3889 1452 3986 gravitm
1470 3887 1669 3962 incurrisse.

584 4017 711 4090 Datum
727 4015 824 4112 apud
837 4017 1052 4112 Hagenowe,
1069 4018 1147 4090 Xlll
1166 4016 1332 4092 kalendas
1346 4015 1525 4111 februarii,
1546 4013 1735 4090 indictione
1751 4009 1826 4084 XII.

575 4377 611 4452 (t)
628 4379 686 4437 liro
696 4379 772 4454 sylva
781 4380 858 4454 juxte
867 4379 1047 4455 licgenoviam
1059 4381 1127 4452 sita,
1142 4379 1205 4438 lioet
1218 4395 1291 4436 nuno
1304 4378 1389 4438 multo
1399 4377 1560 4438 arctioribus
1572 4376 1695 4436 terminis
1705 4375 1909 4450 combinantur,
1923 4371 1951 4429 in

539 4477 712 4551 praecipuam
724 4477 877 4536 reddituum
892 4493 1003 4538 sucrum
1017 4493 1151 4537 summam
1163 4478 1258 4536 civitas
1269 4477 1357 4537 adbuc
1371 4477 1465 4536 utitur.
