4324 5916
217 607 314 666 morer.
333 599 393 688 la]
667 599 867 664 HISTORIA
890 603 1184 666 DIPLOMATICA.
1575 597 1632 662 881

266 743 378 835 Hujus
391 738 443 812 rei
458 746 562 812 testes
578 744 660 811 sunt
671 738 717 810 H.
739 739 864 833 regalis
877 739 957 812 aule
974 739 1267 836 prothonotarins,
1283 735 1487 811 Bartholdus
1508 733 1632 833 pleba-

217 865 348 954 nnsde
359 863 557 958 Arnisperc,
576 862 710 936 Utricus
728 863 906 960 presbyter
921 863 967 938 de
984 865 1114 956 Walse,
1131 863 1340 961 burgravius
1355 863 1401 936 de
1416 861 1628 949 Norimberc,

219 991 263 1062 Η.
281 1009 397 1064 comes
408 987 454 1062 de
468 988 643 1084 Dilingen,
654 987 704 1060 u.
725 987 859 1086 dapifer
873 989 918 1064 de
933 991 1112 1086 Walpnro,
1129 990 1166 1064 C.
1183 999 1218 1064 at
1232 991 1273 1063 E.
1291 989 1454 1085 pincerne
1472 985 1518 1060 de
1531 987 1628 1060 Win-

219 1114 390 1207 terstetin,
411 1115 512 1188 Dicto
527 1114 572 1190 de
582 1112 844 1209 Ravinspnrch‚
860 1116 903 1188 Η.
919 1113 965 1190 de
984 1115 1264 1212 Schalchisperg,
1280 1115 1323 1188 N.
1339 1111 1426 1210 (W.)
1439 1110 1631 1208 Nagillinns

217 1248 254 1314 et
270 1239 329 1313 alii
347 1239 554 1334 complures.

268 1365 395 1436 Datum
416 1361 512 1459 apud
535 1363 689 1452 Ulmum,
711 1383 804 1438 anno
822 1362 924 1438 Verbi
946 1364 1112 1438 incarnati
1134 1361 1344 1455 MCCXXVI,
1365 1363 1442 1436 XVI
1467 1359 1632 1434 kalendas

219 1487 440 1584 septembris,
458 1487 647 1564 indictione
660 1489 764 1564 XIV·.

274 2081 478 2191 Esuriens,
497 2083 758 2166 Romanorum
775 2109 866 2191 rex,
885 2083 1198 2194 compositionem
1220 2083 1421 2168 confirmat
1437 2082 1633 2194 quondam
1750 2121 1765 2152 u

221 2217 355 2300 initam
374 2243 442 2327 per
458 2216 693 2302 Lutholdum
709 2217 957 2302 Basilicnsem
973 2219 1191 2329 episcopum
1212 2229 1251 2304 ct
1274 2218 1523 2306 Bartholdum
1549 2219 1632 2302 dn·
1700 2229 1713 2260 ⁸
1771 2222 1811 2260 ²⁰·

222 2377 306 2434 cem
325 2351 524 2462 Zaringiae
540 2351 639 2434 inter
653 2350 830 2436 abbatem
852 2353 900 2436 de
917 2352 1138 2439 Beinweiler
1154 2381 1201 2438 ex
1216 2381 1294 2438 una
1310 2363 1418 2464 parte
1435 2365 1472 2438 et
1488 2352 1634 2438 nobiles

222 2483 272 2566 de
289 2484 499 2568 Tbierstein
517 2509 564 2567 ex
582 2485 714 2567 altera

306 2673 404 2748 (emt.
425 2689 474 2751 ap.
491 2667 736 2735 sacramanta
760 2668 969 2748 Wocteottatt,
988 2690 1060 2735 ann.
1081 2675 1217 2748 1snr,n⁰
1233 2683 1287 2748 aa,
1302 2691 1330 2753 p
1347 2673 1431 2754 nrt.)

274 2861 313 2932 ln
331 2861 470 2952 nomine
486 2871 605 2936 sancte
620 2871 655 2936 et
669 2860 852 2936 individue
864 2861 1051 2936 Trinitatis.
1067 2863 1237 2936 chricns
1254 2861 1422 2958 septimus
1443 2860 1565 2935 divina
1587 2863 1637 2936 ta·

225 2997 329 3060 vante
357 2986 537 3060 clementia
564 2988 796 3062 Romanorum
818 3009 883 3060 rex
907 2995 942 3059 et
964 3009 1100 3084 semper
1118 2995 1309 3082 augustus,
1325 2985 1497 3058 universis
1516 2985 1638 3059 Christi

227 3108 388 3184 fidelibus
406 3111 552 3206 gratiam
571 3134 671 3186 suam
692 3121 727 3186 et
742 3133 846 3185 omne
872 3111 1016 3186 bonum.
1040 3111 1285 3207 significamus
1300 3111 1401 3184 vobis
1417 3112 1515 3206 quod
1538 3111 1638 3186 nobis

226 3237 304 3310 talis
320 3234 534 3310 confirmatio
554 3237 810 3334 compositionis
823 3237 888 3310 fnit
905 3237 1063 3311 exhibitu
1080 3263 1089 3310 ε

274 3361 467 3435 Lntboldns
488 3361 551 3436 Dci
576 3362 687 3457 gratia
711 3361 909 3436 Basiliensis
930 3361 1131 3460 episcopus,
1155 3363 1328 3436 universis
1343 3370 1377 3436 et
1394 3361 1540 3457 singulis
1560 3381 1638 3457 pre·

225 3494 359 3560 sentem
376 3485 540 3581 paginam
558 3487 764 3583 inspecturis
776 3487 827 3560 rei
845 3498 942 3583 geste
958 3489 1127 3562 notitiam.
1146 3489 1197 3562 Ne
1215 3487 1374 3563 labantur
1390 3511 1470 3562 cnm
1486 3499 1640 3586 tempore

225 3631 298 3705 qne
314 3619 483 3704 genantur
496 3611 532 3684 in
548 3620 715 3708 tempore,
734 3613 869 3708 scriptis
887 3615 999 3686 solent
1013 3613 1221 3688 authenticis
1239 3613 1403 3687 roborari.
1425 3613 1518 3687 Sciat
1533 3614 1638 3709 igitur

227 3755 369 3831 presens
390 3744 464 3810 etas
487 3745 522 3810 et
551 3737 666 3812 futura
693 3737 873 3832 posteritas
896 3737 1012 3832 qnod,
1034 3735 1249 3833 litigantibus
1273 3740 1309 3810 in
1334 3747 1450 3810 nostra
1467 3739 1639 3834 presentia

228 3860 364 3934 dilectis
379 3861 503 3936 nostris
520 3863 680 3936 Heinrico
702 3863 828 3937 abbate
845 3863 891 3938 de
905 3865 1092 3938 Beinwilre
1113 3885 1160 3938 ex
1178 3887 1249 3938 una
1271 3873 1367 3960 parte
1383 3873 1418 3937 et
1434 3865 1541 3938 nobili
1562 3865 1637 3937 vim

227 3983 377 4059 Rudolto
407 3985 533 4059 comite
556 3986 602 4060 de
628 3986 817 4061 Thierstain
842 3998 877 4062 et
903 3988 1050 4063 Rndolto
1074 3987 1146 4062 filio
1180 4011 1244 4064 suo
1270 3989 1466 4080 exaltata,
1497 3988 1636 4062 tandem

222 4106 330 4180 *nobis
356 4118 392 4180 ct
416 4109 493 4182 aliis
517 4108 600 4180 viris
628 4107 785 4184 discretis
812 4111 1063 4202 mediantibus,
1095 4112 1172 4184 talis
1198 4113 1287 4184 inter
1315 4111 1409 4206 ipsos
1438 4111 1638 4205 compositio

231 4229 426 4304 intervenit.
441 4232 480 4305 In
498 4232 640 4306 arbitrio
660 4234 792 4308 domiui
815 4235 990 4310 Bertholdi
1019 4234 1119 4308 ducis
1145 4235 1303 4330 Zaringie
1328 4235 1394 4306 tuit
1419 4233 1464 4306 ab
1493 4243 1638 4327 utraque

231 4361 328 4449 parte
349 4357 650 4450 compromissum,
672 4359 702 4430 si
714 4358 834 4436 ,dictus
852 4380 967 4433 comes
980 4359 1137 4432 homines
1153 4358 1199 4433 ad
1213 4358 1459 4432 monasterinm
1475 4357 1520 4432 de
1535 4357 1636 4429 Boin-

231 4479 334 4550 wiler
357 4487 550 4574 spectantes
570 4483 776 4578 compellere
794 4484 935 4558 deberet
957 4493 995 4556 ut
1018 4483 1132 4558 eidem
1154 4483 1270 4558 abbati
1292 4480 1467 4558 fidelitatis
1489 4481 1640 4554 iacerent

227 4603 483 4696 juramentum,
504 4607 587 4680 etsi
607 4608 714 4683 iidem
731 4607 889 4682 homines
907 4610 1098 4684 secundum
1120 4607 1405 4682 consuetudinem
1421 4605 1568 4680 aliorum
1584 4627 1641 4680 ce-

232 4727 414 4801 nobiorum
438 4731 518 4804 talla
535 4733 571 4806 in
589 4743 699 4809 morte
725 4756 790 4808 sna
809 4734 926 4808 abbati
947 4733 1094 4808 reddere
1112 4743 1320 4808 tenerentur.
1343 4733 1420 4818 Quo
1439 4731 1509 4806 duo
1527 4729 1642 4806 dictus

311 4853 352 4914 11.
374 4867 428 4912 rm
441 4870 463 4912 a.
1426 4864 1481 4917 111
