4466 5914
275 547 376 608 lamen
395 537 456 624 14]
727 535 923 598 HISTORIA
949 533 1242 598 utanottantca
1627 531 1689 596 653

276 677 430 750 maxime
454 696 565 769 qnnm
588 672 625 744 in
648 671 860 768 quibusdam
881 673 1002 748 litteris
1026 673 1151 746 nostris
1171 670 1386 746 contineatur
1406 689 1570 766 expresse
1590 667 1688 764 qnod

276 799 477 894 hujusmodi
502 818 646 894 pravam
670 797 955 871 consuetudinem
980 797 1118 894 penitus
1137 797 1329 888 abolentes,
1349 795 1629 868 ministerialibus
1653 802 1689 868 ct

275 925 432 1000 officiatis
461 922 615 1020 predicte
637 921 780 995 ecclesie
796 922 1088 996 Hildcsbemensis
1110 921 1205 1018 apud
1220 943 1308 1016 quos
1330 921 1517 994 inoleverat
1536 939 1687 992 consue-

276 1049 363 1124 tudo
388 1047 545 1145 predicta
569 1053 737 1142 perpetuo
759 1045 926 1120 duximus
952 1045 1250 1150 inhibendnmne
1274 1044 1399 1138 aliquis
1423 1065 1541 1116 eornm
1564 1064 1685 1138 presu-

276 1181 385 1248 meret
398 1172 443 1245 de
456 1181 570 1244 cetero
583 1169 629 1244 ds
643 1171 747 1244 rebus
761 1170 945 1263 cujuslibet
961 1169 1161 1245 decedentis
1173 1168 1327 1266 episcopi
1345 1167 1487 1242 ecclesie
1499 1174 1687 1240 memorate

276 1319 400 1394 capere
420 1297 478 1369 vel
496 1305 637 1390 tangere
657 1295 839 1368 violenter.
856 1293 913 1367 Ad
929 1293 1035 1388 hujus
1051 1294 1156 1388 igitur
1174 1305 1289 1366 nostre
1310 1291 1538 1366 concessionis
1555 1311 1685 1364 memo·

275 1423 362 1496 riam
380 1431 415 1496 et
437 1421 543 1494 robur
560 1427 725 1515 perpetuo
744 1419 951 1509 valiturum,
976 1439 1119 1514 presens
1141 1417 1306 1513 scriptum
1328 1415 1401 1490 fieri
1422 1425 1457 1489 et
1479 1415 1593 1512 sigillo
1610 1435 1684 1490 mu·

270 1545 405 1637 jestatis
422 1553 538 1617 nostre
546 1543 714 1634 jussimus
729 1542 945 1614 communiri.

323 1671 449 1742 Datum
480 1669 575 1765 apud
600 1668 754 1761 Burgum
779 1667 894 1739 Sancti
921 1665 1092 1759 Donnini‚
1122 1687 1214 1739 anno
1245 1664 1418 1738 dominice
1440 1664 1684 1740 incarnationis

274 1792 456 1866 millesimo
472 1792 708 1867 ducentesimo
721 1791 886 1866 vicesimo
901 1800 1015 1884 sexto,
1035 1813 1154 1865 mense
1167 1791 1260 1884 julii,
1277 1791 1369 1866 Xllll
1386 1788 1585 1864 indictione.

325 2373 555 2480 Fridericus,
575 2376 836 2460 Romanorum
853 2373 1074 2484 imperator,
1089 2374 1290 2458 confirmat
1303 2371 1583 2458 concessionem
1598 2398 1682 2456 mo-
1709 2383 1874 2483 Ἥβη

272 2509 438 2592 naslerio
455 2510 657 2593 Perisiensi
680 2509 821 2592 lactem
839 2507 1083 2618 abepiscopo
1101 2521 1139 2592 ct
1155 2506 1321 2618 capitulo
1340 2507 1607 2618 Argentinensi
1633 2507 1681 2591 de
1737 2489 1846 2599 ”llll

273 2643 442 2725 emendis
459 2643 718 2727 attendendis
735 2641 851 2726 rebus
864 2641 947 2752 ejus
960 2641 1000 2723 in
1014 2641 1161 2725 civitate
1174 2641 1457 2753 argentinensi,
1473 2641 1555 2725 sine
1571 2668 1681 2725 ensc-

273 2775 375 2859 b'one
392 2775 557 2861 thelonei
575 2780 625 2861 ad
643 2777 960 2888 Argentinensem
978 2775 1175 2859 ecclesiam
1192 2776 1427 2885 pertinentis.

350 2987 453 3069 (Edld.
468 2990 570 3066 Ruso,
586 2993 665 3054 Scor.
680 2993 776 3074 antiq.
788 2993 932 3072 Monam,
948 2998 1021 3054 tom.
1037 2992 1082 3064 11,
1097 3008 1128 3068 p.
1144 2998 1214 3064 tet,
1230 3005 1269 3050 cx
1281 2989 1607 3053 confirmationeccroll
1620 2992 1675 3066 1v,

388 3112 466 3157 anno
481 3099 583 3174 1854.)

318 3281 514 3356 Fridericns
528 3283 591 3356 Dei
614 3285 724 3379 gratia
745 3287 976 3360 Romanorum
998 3284 1194 3380 imperator,
1217 3307 1353 3381 semper
1368 3296 1554 3382 angustus,
1578 3289 1676 3362 Jeru-

270 3407 375 3480 salem
396 3417 432 3480 et
455 3408 568 3482 Sicilie
590 3432 666 3482 rex.
689 3411 753 3483 Per
771 3433 910 3506 presens
930 3410 1094 3505 scriptum
1112 3419 1232 3482 notum
1252 3411 1399 3484 iacimus
1418 3413 1589 3486 universis
1610 3414 1676 3487 im·

270 3531 355 3626 perii
377 3530 539 3606 fidelibus
563 3543 632 3608 tum
657 3536 873 3630 presentibus
893 3557 997 3629 quam
1016 3535 1140 3606 futuris
1162 3534 1256 3629 quod
1281 3531 1490 3610 venerabilis
1512 3539 1620 3612 abbas
1643 3549 1678 3612 et

269 3665 461 3728 conventus
476 3657 676 3733 Parisiensis
688 3659 900 3748 monasterii,
920 3657 1151 3732 cisterciensis
1166 3656 1312 3748 ordinis,
1331 3657 1451 3733 fideles
1464 3663 1585 3754 nostri,
1600 3665 1677 3736 cel-

269 3777 414 3852 situdini
435 3790 550 3855 nostre
570 3782 746 3858 humiliter
767 3784 1005 3880 supplicarunt
1023 3793 1062 3857 nt
1079 3784 1334 3857 concessionem
1353 3784 1404 3856 sis
1422 3786 1548 3859 iactam
1569 3809 1591 3860 a
1616 3809 1678 3862 vo·

269 3905 414 3978 nerabili
428 3905 589 4003 episcopo
602 3917 639 3982 et
654 3909 805 4004 capitulo
818 3907 1059 4003 argentinensi
1074 3907 1119 3980 de
1135 3906 1291 3982 emendis
1304 3909 1510 3981 necessariis
1524 3919 1558 3983 et
1573 3911 1677 3984 rebus

269 4029 339 4102 suis
357 4029 552 4104 vendendis
565 4033 602 4104 iu
623 4033 762 4106 civitate
778 4031 1021 4127 argentinensi
1036 4032 1111 4104 sine
1128 4033 1310 4106 exactione
1327 4032 1478 4107 thelonei
1494 4032 1540 4107 ad
1555 4055 1675 4107 corum

268 4155 446 4229 ecclesiam
461 4157 709 4231 rationabiliter
728 4157 949 4254 pertinentis,
974 4165 1077 4254 prout
1101 4156 1137 4228 in
1165 4157 1291 4252 scripto
1315 4179 1378 4252 per
1398 4156 1578 4229 dominnm
1600 4159 1675 4256 epi·

267 4299 409 4375 scopum
425 4289 461 4354 et
480 4281 671 4378 capitulum
689 4284 740 4356 eis
765 4285 854 4356 iacto
870 4283 1008 4380 plenius
1025 4282 1228 4375 continetur,
1254 4281 1477 4376 dignaremur
1492 4281 1537 4355 de
1559 4293 1675 4360 nostra

267 4405 375 4496 gratia
398 4404 613 4480 confirmare.
634 4408 705 4480 Nos
728 4407 832 4502 igitur
853 4408 1067 4481 attendentes
1085 4407 1264 4480 honestam
1285 4406 1394 4480 vitam
1414 4415 1449 4478 et
1472 4407 1673 4502 religionem

267 4525 476 4604 laudabilem
501 4533 735 4628 predictorum
756 4533 892 4607 abbatis
912 4543 947 4607 et
963 4543 1152 4606 conventus
1172 4531 1368 4604 monasterii
1391 4534 1569 4606 memorati
1589 4555 1674 4607 nec-

268 4671 332 4726 non
348 4663 446 4749 grata
457 4657 599 4732 servitiu
613 4679 683 4754 que
698 4658 799 4731 nobis
811 4668 975 4756 poterunt
988 4659 1164 4749 exhibere,
1175 4659 1342 4754 prefatam
1358 4659 1613 4733 concessionem
1628 4660 1674 4734 dc
