<?xml version="1.0" encoding="UTF-8"?>
<!DOCTYPE html PUBLIC "-//W3C//DTD XHTML 1.0 Transitional//EN"
    "http://www.w3.org/TR/xhtml1/DTD/xhtml1-transitional.dtd">
<html xmlns="http://www.w3.org/1999/xhtml" xml:lang="en" lang="en">
 <head>
  <title>
</title>
<meta http-equiv="Content-Type" content="text/html;charset=utf-8" />
  <meta name='ocr-system' content='tesseract 3.04.00' />
  <meta name='ocr-capabilities' content='ocr_page ocr_carea ocr_par ocr_line ocrx_word'/>
</head>
<body>
  <div class='ocr_page' id='page_1' title='image "./historiadiploma04fredgoog_0268.png"; bbox 0 0 4326 5910; ppageno 0'>
   <div class='ocr_carea' id='block_1_1' title="bbox 246 603 1203 688">
    <p class='ocr_par' dir='ltr' id='par_1_1' title="bbox 246 603 1203 688">
     <span class='ocr_line' id='line_1_1' title="bbox 246 603 1203 688; baseline 0 -16"><span class='ocrx_word' id='word_1_1' title='bbox 246 609 344 672; x_wconf 77' lang='lat' dir='ltr'>lrmcr.</span> <span class='ocrx_word' id='word_1_2' title='bbox 363 609 424 688; x_wconf 70' lang='lat' dir='ltr'>la]</span> <span class='ocrx_word' id='word_1_3' title='bbox 693 603 887 668; x_wconf 78' lang='lat' dir='ltr'>HISTORIA</span> <span class='ocrx_word' id='word_1_4' title='bbox 912 605 1203 672; x_wconf 70' lang='lat' dir='ltr'>olrtounllcd</span> 
     </span>
    </p>
   </div>
   <div class='ocr_carea' id='block_1_2' title="bbox 504 883 1406 900">
    <p class='ocr_par' dir='ltr' id='par_1_2' title="bbox 504 883 1406 900">
     <span class='ocr_line' id='line_1_2' title="bbox 504 883 1406 900; baseline 0.004 -6"><span class='ocrx_word' id='word_1_5' title='bbox 504 883 1406 900; x_wconf 46' lang='lat' dir='ltr'>mamm-fflffl—-a-—n</span> 
     </span>
    </p>
   </div>
   <div class='ocr_carea' id='block_1_3' title="bbox 248 1155 1652 1674">
    <p class='ocr_par' dir='ltr' id='par_1_3' title="bbox 248 1155 1652 1674">
     <span class='ocr_line' id='line_1_3' title="bbox 300 1155 1651 1276; baseline 0.005 -38"><span class='ocrx_word' id='word_1_6' title='bbox 300 1155 498 1263; x_wconf 89' lang='lat' dir='ltr'>Henricus,</span> <span class='ocrx_word' id='word_1_7' title='bbox 511 1158 772 1243; x_wconf 86' lang='lat' dir='ltr'>Romanorum</span> <span class='ocrx_word' id='word_1_8' title='bbox 784 1187 865 1266; x_wconf 84' lang='lat' dir='ltr'>rex,</span> <span class='ocrx_word' id='word_1_9' title='bbox 877 1159 1071 1244; x_wconf 85' lang='lat' dir='ltr'>abbatiam</span> <span class='ocrx_word' id='word_1_10' title='bbox 1086 1159 1229 1244; x_wconf 85' lang='lat' dir='ltr'>Veteris</span> <span class='ocrx_word' id='word_1_11' title='bbox 1246 1162 1383 1246; x_wconf 88' lang='lat' dir='ltr'>Montis</span> <span class='ocrx_word' id='word_1_12' title='bbox 1394 1162 1651 1276; x_wconf 80' lang='lat' dir='ltr'>(dltenberg),</span> 
     </span>
     <span class='ocr_line' id='line_1_4' title="bbox 250 1289 1651 1406; baseline 0.006 -33"><span class='ocrx_word' id='word_1_13' title='bbox 250 1289 505 1375; x_wconf 88' lang='lat' dir='ltr'>Cistcrcieusis</span> <span class='ocrx_word' id='word_1_14' title='bbox 522 1293 686 1401; x_wconf 83' lang='lat' dir='ltr'>ordinis,</span> <span class='ocrx_word' id='word_1_15' title='bbox 706 1319 795 1377; x_wconf 89' lang='lat' dir='ltr'>cum</span> <span class='ocrx_word' id='word_1_16' title='bbox 813 1295 990 1378; x_wconf 90' lang='lat' dir='ltr'>omnibus</span> <span class='ocrx_word' id='word_1_17' title='bbox 1012 1294 1123 1378; x_wconf 92' lang='lat' dir='ltr'>bonis</span> <span class='ocrx_word' id='word_1_18' title='bbox 1150 1295 1232 1406; x_wconf 89' lang='lat' dir='ltr'>ejus</span> <span class='ocrx_word' id='word_1_19' title='bbox 1260 1297 1332 1380; x_wconf 89' lang='lat' dir='ltr'>sub</span> <span class='ocrx_word' id='word_1_20' title='bbox 1350 1324 1420 1380; x_wconf 87' lang='lat' dir='ltr'>sue</span> <span class='ocrx_word' id='word_1_21' title='bbox 1434 1298 1651 1382; x_wconf 88' lang='lat' dir='ltr'>defensione</span> 
     </span>
     <span class='ocr_line' id='line_1_5' title="bbox 248 1425 1652 1542; baseline 0.007 -37"><span class='ocrx_word' id='word_1_22' title='bbox 248 1425 397 1535; x_wconf 82' lang='lat' dir='ltr'>recipit,</span> <span class='ocrx_word' id='word_1_23' title='bbox 419 1437 533 1538; x_wconf 89' lang='lat' dir='ltr'>atque</span> <span class='ocrx_word' id='word_1_24' title='bbox 563 1429 686 1510; x_wconf 89' lang='lat' dir='ltr'>cidem</span> <span class='ocrx_word' id='word_1_25' title='bbox 713 1427 913 1512; x_wconf 88' lang='lat' dir='ltr'>confirmat</span> <span class='ocrx_word' id='word_1_26' title='bbox 938 1429 1213 1538; x_wconf 85' lang='lat' dir='ltr'>exemptionem</span> <span class='ocrx_word' id='word_1_27' title='bbox 1234 1431 1397 1515; x_wconf 89' lang='lat' dir='ltr'>thelonei</span> <span class='ocrx_word' id='word_1_28' title='bbox 1418 1459 1485 1542; x_wconf 93' lang='lat' dir='ltr'>per</span> <span class='ocrx_word' id='word_1_29' title='bbox 1502 1433 1652 1517; x_wconf 88' lang='lat' dir='ltr'>alveum</span> 
     </span>
     <span class='ocr_line' id='line_1_6' title="bbox 248 1557 1096 1674; baseline 0.001 -31"><span class='ocrx_word' id='word_1_30' title='bbox 248 1557 369 1643; x_wconf 89' lang='lat' dir='ltr'>Rheni</span> <span class='ocrx_word' id='word_1_31' title='bbox 386 1570 466 1643; x_wconf 89' lang='lat' dir='ltr'>tam</span> <span class='ocrx_word' id='word_1_32' title='bbox 483 1561 522 1642; x_wconf 95' lang='lat' dir='ltr'>in</span> <span class='ocrx_word' id='word_1_33' title='bbox 541 1561 731 1672; x_wconf 83' lang='lat' dir='ltr'>Ropordia</span> <span class='ocrx_word' id='word_1_34' title='bbox 747 1590 865 1674; x_wconf 91' lang='lat' dir='ltr'>quam</span> <span class='ocrx_word' id='word_1_35' title='bbox 883 1563 922 1646; x_wconf 92' lang='lat' dir='ltr'>in</span> <span class='ocrx_word' id='word_1_36' title='bbox 941 1563 1096 1648; x_wconf 89' lang='lat' dir='ltr'>Werda.</span> 
     </span>
    </p>
   </div>
   <div class='ocr_carea' id='block_1_4' title="bbox 329 1801 1650 1990">
    <p class='ocr_par' dir='ltr' id='par_1_4' title="bbox 329 1801 1650 1990">
     <span class='ocr_line' id='line_1_7' title="bbox 329 1801 1650 1886; baseline 0.005 -23"><span class='ocrx_word' id='word_1_37' title='bbox 329 1802 424 1879; x_wconf 83' lang='lat' dir='ltr'>(Edid.</span> <span class='ocrx_word' id='word_1_38' title='bbox 439 1803 636 1884; x_wconf 76' lang='lat' dir='ltr'>Laconicum,</span> <span class='ocrx_word' id='word_1_39' title='bbox 659 1802 908 1886; x_wconf 71' lang='lat' dir='ltr'>llrlandcnb.fr&#39;tr</span> <span class='ocrx_word' id='word_1_40' title='bbox 924 1801 970 1865; x_wconf 80' lang='lat' dir='ltr'>dic</span> <span class='ocrx_word' id='word_1_41' title='bbox 994 1801 1088 1867; x_wconf 74' lang='lat' dir='ltr'>cuca</span> <span class='ocrx_word' id='word_1_42' title='bbox 1109 1801 1157 1864; x_wconf 79' lang='lat' dir='ltr'>des</span> <span class='ocrx_word' id='word_1_43' title='bbox 1176 1801 1338 1883; x_wconf 66' lang='lat' dir='ltr'>lllicdcrrd,</span> <span class='ocrx_word' id='word_1_44' title='bbox 1358 1821 1414 1868; x_wconf 77' lang='lat' dir='ltr'>rw,</span> <span class='ocrx_word' id='word_1_45' title='bbox 1429 1805 1528 1879; x_wconf 86' lang='lat' dir='ltr'>Baud,</span> <span class='ocrx_word' id='word_1_46' title='bbox 1549 1825 1581 1886; x_wconf 85' lang='lat' dir='ltr'>p.</span> <span class='ocrx_word' id='word_1_47' title='bbox 1596 1816 1650 1886; x_wconf 81' lang='lat'>66,</span> 
     </span>
     <span class='ocr_line' id='line_1_8' title="bbox 369 1909 501 1990; baseline 0.015 -20"><span class='ocrx_word' id='word_1_48' title='bbox 369 1919 402 1970; x_wconf 80' lang='lat' dir='ltr'>u⁰</span> <span class='ocrx_word' id='word_1_49' title='bbox 421 1909 501 1990; x_wconf 66' lang='lat' dir='ltr'>rac)</span> 
     </span>
    </p>
   </div>
   <div class='ocr_carea' id='block_1_5' title="bbox 250 2125 1659 4730">
    <p class='ocr_par' dir='ltr' id='par_1_5' title="bbox 250 2125 1658 4348">
     <span class='ocr_line' id='line_1_9' title="bbox 299 2125 1648 2226; baseline 0.003 -28"><span class='ocrx_word' id='word_1_50' title='bbox 299 2126 478 2202; x_wconf 80' lang='lat' dir='ltr'>Heinricus</span> <span class='ocrx_word' id='word_1_51' title='bbox 506 2125 673 2222; x_wconf 86' lang='lat' dir='ltr'>septimus</span> <span class='ocrx_word' id='word_1_52' title='bbox 696 2127 759 2202; x_wconf 87' lang='lat' dir='ltr'>Dei</span> <span class='ocrx_word' id='word_1_53' title='bbox 785 2128 894 2221; x_wconf 78' lang='lat' dir='ltr'>gratia</span> <span class='ocrx_word' id='word_1_54' title='bbox 921 2131 1150 2204; x_wconf 86' lang='lat' dir='ltr'>Romanorum</span> <span class='ocrx_word' id='word_1_55' title='bbox 1172 2149 1237 2203; x_wconf 82' lang='lat' dir='ltr'>rex</span> <span class='ocrx_word' id='word_1_56' title='bbox 1260 2137 1295 2200; x_wconf 86' lang='lat' dir='ltr'>et</span> <span class='ocrx_word' id='word_1_57' title='bbox 1319 2147 1454 2226; x_wconf 82' lang='lat' dir='ltr'>semper</span> <span class='ocrx_word' id='word_1_58' title='bbox 1469 2137 1648 2225; x_wconf 81' lang='lat' dir='ltr'>augustus,</span> 
     </span>
     <span class='ocr_line' id='line_1_10' title="bbox 250 2251 1650 2352; baseline 0.002 -26"><span class='ocrx_word' id='word_1_59' title='bbox 250 2253 411 2326; x_wconf 88' lang='lat' dir='ltr'>omuibus</span> <span class='ocrx_word' id='word_1_60' title='bbox 432 2253 467 2324; x_wconf 94' lang='lat' dir='ltr'>iu</span> <span class='ocrx_word' id='word_1_61' title='bbox 494 2260 709 2348; x_wconf 83' lang='lat' dir='ltr'>perpetuum.</span> <span class='ocrx_word' id='word_1_62' title='bbox 739 2251 826 2326; x_wconf 83' lang='lat' dir='ltr'>Cum</span> <span class='ocrx_word' id='word_1_63' title='bbox 854 2252 960 2326; x_wconf 86' lang='lat' dir='ltr'>nichil</span> <span class='ocrx_word' id='word_1_64' title='bbox 987 2255 1099 2348; x_wconf 82' lang='lat' dir='ltr'>majus</span> <span class='ocrx_word' id='word_1_65' title='bbox 1117 2278 1139 2328; x_wconf 87' lang='lat' dir='ltr'>a</span> <span class='ocrx_word' id='word_1_66' title='bbox 1155 2253 1226 2328; x_wconf 84' lang='lat' dir='ltr'>Deo</span> <span class='ocrx_word' id='word_1_67' title='bbox 1246 2256 1361 2330; x_wconf 85' lang='lat' dir='ltr'>auimo</span> <span class='ocrx_word' id='word_1_68' title='bbox 1387 2255 1650 2352; x_wconf 85' lang='lat' dir='ltr'>susceperimus,</span> 
     </span>
     <span class='ocr_line' id='line_1_11' title="bbox 250 2376 1650 2475; baseline 0.001 -23"><span class='ocrx_word' id='word_1_69' title='bbox 250 2380 321 2452; x_wconf 88' lang='lat' dir='ltr'>Deo</span> <span class='ocrx_word' id='word_1_70' title='bbox 340 2377 507 2451; x_wconf 83' lang='lat' dir='ltr'>debemus</span> <span class='ocrx_word' id='word_1_71' title='bbox 520 2376 700 2474; x_wconf 78' lang='lat' dir='ltr'>indulgere</span> <span class='ocrx_word' id='word_1_72' title='bbox 717 2399 779 2473; x_wconf 90' lang='lat' dir='ltr'>per</span> <span class='ocrx_word' id='word_1_73' title='bbox 793 2378 991 2474; x_wconf 87' lang='lat' dir='ltr'>omniaque</span> <span class='ocrx_word' id='word_1_74' title='bbox 1005 2380 1147 2475; x_wconf 86' lang='lat' dir='ltr'>quidem</span> <span class='ocrx_word' id='word_1_75' title='bbox 1164 2379 1263 2454; x_wconf 91' lang='lat' dir='ltr'>uobis</span> <span class='ocrx_word' id='word_1_76' title='bbox 1277 2381 1408 2455; x_wconf 89' lang='lat' dir='ltr'>cariora</span> <span class='ocrx_word' id='word_1_77' title='bbox 1422 2403 1650 2456; x_wconf 86' lang='lat' dir='ltr'>reservamus.</span> 
     </span>
     <span class='ocr_line' id='line_1_12' title="bbox 251 2501 1649 2600; baseline 0.007 -28"><span class='ocrx_word' id='word_1_78' title='bbox 251 2503 322 2575; x_wconf 85' lang='lat' dir='ltr'>Hac</span> <span class='ocrx_word' id='word_1_79' title='bbox 345 2502 450 2597; x_wconf 80' lang='lat' dir='ltr'>igitur</span> <span class='ocrx_word' id='word_1_80' title='bbox 474 2501 603 2574; x_wconf 86' lang='lat' dir='ltr'>salubri</span> <span class='ocrx_word' id='word_1_81' title='bbox 625 2502 913 2591; x_wconf 88' lang='lat' dir='ltr'>consideratione,</span> <span class='ocrx_word' id='word_1_82' title='bbox 938 2523 1009 2576; x_wconf 94' lang='lat' dir='ltr'>uou</span> <span class='ocrx_word' id='word_1_83' title='bbox 1033 2506 1145 2577; x_wconf 92' lang='lat' dir='ltr'>solum</span> <span class='ocrx_word' id='word_1_84' title='bbox 1166 2505 1213 2578; x_wconf 88' lang='lat' dir='ltr'>ad</span> <span class='ocrx_word' id='word_1_85' title='bbox 1240 2506 1448 2600; x_wconf 82' lang='lat' dir='ltr'>presentium</span> <span class='ocrx_word' id='word_1_86' title='bbox 1475 2507 1649 2599; x_wconf 88' lang='lat' dir='ltr'>notitiam,</span> 
     </span>
     <span class='ocr_line' id='line_1_13' title="bbox 250 2625 1651 2725; baseline 0.005 -25"><span class='ocrx_word' id='word_1_87' title='bbox 250 2648 373 2700; x_wconf 89' lang='lat' dir='ltr'>rerum</span> <span class='ocrx_word' id='word_1_88' title='bbox 394 2635 429 2700; x_wconf 86' lang='lat' dir='ltr'>et</span> <span class='ocrx_word' id='word_1_89' title='bbox 451 2627 644 2700; x_wconf 90' lang='lat' dir='ltr'>luturomm</span> <span class='ocrx_word' id='word_1_90' title='bbox 664 2625 824 2700; x_wconf 89' lang='lat' dir='ltr'>volumus</span> <span class='ocrx_word' id='word_1_91' title='bbox 849 2629 1029 2723; x_wconf 86' lang='lat' dir='ltr'>pervenire</span> <span class='ocrx_word' id='word_1_92' title='bbox 1053 2629 1149 2725; x_wconf 92' lang='lat' dir='ltr'>quod</span> <span class='ocrx_word' id='word_1_93' title='bbox 1173 2629 1346 2702; x_wconf 89' lang='lat' dir='ltr'>abbatiam</span> <span class='ocrx_word' id='word_1_94' title='bbox 1363 2631 1495 2704; x_wconf 84' lang='lat' dir='ltr'>Veteris</span> <span class='ocrx_word' id='word_1_95' title='bbox 1509 2633 1651 2725; x_wconf 89' lang='lat' dir='ltr'>Montis,</span> 
     </span>
     <span class='ocr_line' id='line_1_14' title="bbox 251 2751 1655 2849; baseline 0.003 -24"><span class='ocrx_word' id='word_1_96' title='bbox 251 2751 491 2849; x_wconf 79' lang='lat' dir='ltr'>cysterciensis</span> <span class='ocrx_word' id='word_1_97' title='bbox 510 2751 658 2842; x_wconf 88' lang='lat' dir='ltr'>ordinis,</span> <span class='ocrx_word' id='word_1_98' title='bbox 678 2773 757 2824; x_wconf 91' lang='lat' dir='ltr'>cum</span> <span class='ocrx_word' id='word_1_99' title='bbox 771 2753 933 2826; x_wconf 90' lang='lat' dir='ltr'>omuibus</span> <span class='ocrx_word' id='word_1_100' title='bbox 953 2756 1127 2848; x_wconf 88' lang='lat' dir='ltr'>personis,</span> <span class='ocrx_word' id='word_1_101' title='bbox 1147 2755 1323 2826; x_wconf 87' lang='lat' dir='ltr'>monachis</span> <span class='ocrx_word' id='word_1_102' title='bbox 1337 2754 1499 2829; x_wconf 88' lang='lat' dir='ltr'>videlieet</span> <span class='ocrx_word' id='word_1_103' title='bbox 1516 2767 1550 2830; x_wconf 88' lang='lat' dir='ltr'>et</span> <span class='ocrx_word' id='word_1_104' title='bbox 1565 2779 1655 2832; x_wconf 89' lang='lat' dir='ltr'>cou-</span> 
     </span>
     <span class='ocr_line' id='line_1_15' title="bbox 250 2875 1655 2975; baseline 0.004 -25"><span class='ocrx_word' id='word_1_105' title='bbox 250 2877 374 2971; x_wconf 87' lang='lat' dir='ltr'>versis,</span> <span class='ocrx_word' id='word_1_106' title='bbox 395 2875 524 2950; x_wconf 91' lang='lat' dir='ltr'>ibidem</span> <span class='ocrx_word' id='word_1_107' title='bbox 540 2877 612 2950; x_wconf 88' lang='lat' dir='ltr'>Deo</span> <span class='ocrx_word' id='word_1_108' title='bbox 627 2877 871 2950; x_wconf 81' lang='lat' dir='ltr'>famulantibus</span> <span class='ocrx_word' id='word_1_109' title='bbox 889 2887 922 2950; x_wconf 90' lang='lat' dir='ltr'>et</span> <span class='ocrx_word' id='word_1_110' title='bbox 940 2901 1060 2952; x_wconf 88' lang='lat' dir='ltr'>eorum</span> <span class='ocrx_word' id='word_1_111' title='bbox 1076 2879 1257 2975; x_wconf 84' lang='lat' dir='ltr'>mancipiis</span> <span class='ocrx_word' id='word_1_112' title='bbox 1271 2889 1306 2952; x_wconf 89' lang='lat' dir='ltr'>et</span> <span class='ocrx_word' id='word_1_113' title='bbox 1322 2879 1422 2952; x_wconf 89' lang='lat' dir='ltr'>bonis</span> <span class='ocrx_word' id='word_1_114' title='bbox 1438 2902 1558 2954; x_wconf 90' lang='lat' dir='ltr'>eorum</span> <span class='ocrx_word' id='word_1_115' title='bbox 1576 2905 1655 2956; x_wconf 90' lang='lat' dir='ltr'>om-</span> 
     </span>
     <span class='ocr_line' id='line_1_16' title="bbox 251 3003 1654 3102; baseline 0.004 -28"><span class='ocrx_word' id='word_1_116' title='bbox 251 3003 356 3076; x_wconf 90' lang='lat' dir='ltr'>nibus</span> <span class='ocrx_word' id='word_1_117' title='bbox 378 3003 564 3076; x_wconf 90' lang='lat' dir='ltr'>mobilibus</span> <span class='ocrx_word' id='word_1_118' title='bbox 585 3003 709 3100; x_wconf 88' lang='lat' dir='ltr'>pariter</span> <span class='ocrx_word' id='word_1_119' title='bbox 725 3013 760 3076; x_wconf 91' lang='lat' dir='ltr'>et</span> <span class='ocrx_word' id='word_1_120' title='bbox 784 3003 1018 3102; x_wconf 86' lang='lat' dir='ltr'>immobilibus</span> <span class='ocrx_word' id='word_1_121' title='bbox 1042 3003 1077 3076; x_wconf 91' lang='lat' dir='ltr'>iu</span> <span class='ocrx_word' id='word_1_122' title='bbox 1101 3013 1250 3077; x_wconf 88' lang='lat' dir='ltr'>nostram</span> <span class='ocrx_word' id='word_1_123' title='bbox 1271 3003 1457 3080; x_wconf 85' lang='lat' dir='ltr'>tuicionem</span> <span class='ocrx_word' id='word_1_124' title='bbox 1477 3017 1511 3078; x_wconf 89' lang='lat' dir='ltr'>et</span> <span class='ocrx_word' id='word_1_125' title='bbox 1528 3007 1654 3080; x_wconf 88' lang='lat' dir='ltr'>deleu-</span> 
     </span>
     <span class='ocr_line' id='line_1_17' title="bbox 252 3127 1653 3225; baseline 0.002 -24"><span class='ocrx_word' id='word_1_126' title='bbox 252 3129 383 3202; x_wconf 92' lang='lat' dir='ltr'>sionem</span> <span class='ocrx_word' id='word_1_127' title='bbox 401 3129 613 3225; x_wconf 87' lang='lat' dir='ltr'>recepimus,</span> <span class='ocrx_word' id='word_1_128' title='bbox 632 3129 786 3204; x_wconf 87' lang='lat' dir='ltr'>volentes</span> <span class='ocrx_word' id='word_1_129' title='bbox 803 3139 842 3201; x_wconf 91' lang='lat' dir='ltr'>ut</span> <span class='ocrx_word' id='word_1_130' title='bbox 865 3127 986 3204; x_wconf 88' lang='lat' dir='ltr'>eadem</span> <span class='ocrx_word' id='word_1_131' title='bbox 1013 3129 1155 3204; x_wconf 89' lang='lat' dir='ltr'>ecelesia</span> <span class='ocrx_word' id='word_1_132' title='bbox 1182 3129 1313 3204; x_wconf 76' lang='lat' dir='ltr'>Veteris</span> <span class='ocrx_word' id='word_1_133' title='bbox 1340 3131 1464 3203; x_wconf 89' lang='lat' dir='ltr'>Montis</span> <span class='ocrx_word' id='word_1_134' title='bbox 1488 3133 1532 3204; x_wconf 89' lang='lat' dir='ltr'>ab</span> <span class='ocrx_word' id='word_1_135' title='bbox 1560 3134 1653 3206; x_wconf 92' lang='lat' dir='ltr'>omui</span> 
     </span>
     <span class='ocr_line' id='line_1_18' title="bbox 252 3253 1653 3354; baseline 0.005 -29"><span class='ocrx_word' id='word_1_136' title='bbox 252 3253 507 3350; x_wconf 85' lang='lat' dir='ltr'>perturbatione</span> <span class='ocrx_word' id='word_1_137' title='bbox 520 3255 751 3350; x_wconf 88' lang='lat' dir='ltr'>quorumlibet</span> <span class='ocrx_word' id='word_1_138' title='bbox 764 3254 943 3327; x_wconf 90' lang='lat' dir='ltr'>homiuum</span> <span class='ocrx_word' id='word_1_139' title='bbox 961 3255 1057 3328; x_wconf 86' lang='lat' dir='ltr'>salva</span> <span class='ocrx_word' id='word_1_140' title='bbox 1072 3277 1205 3352; x_wconf 88' lang='lat' dir='ltr'>semper</span> <span class='ocrx_word' id='word_1_141' title='bbox 1222 3256 1266 3328; x_wconf 91' lang='lat' dir='ltr'>sit</span> <span class='ocrx_word' id='word_1_142' title='bbox 1280 3264 1313 3330; x_wconf 90' lang='lat' dir='ltr'>et</span> <span class='ocrx_word' id='word_1_143' title='bbox 1327 3278 1463 3348; x_wconf 90' lang='lat' dir='ltr'>secura;</span> <span class='ocrx_word' id='word_1_144' title='bbox 1485 3268 1519 3332; x_wconf 88' lang='lat' dir='ltr'>et</span> <span class='ocrx_word' id='word_1_145' title='bbox 1534 3282 1653 3354; x_wconf 91' lang='lat' dir='ltr'>quem·</span> 
     </span>
     <span class='ocr_line' id='line_1_19' title="bbox 252 3376 1656 3478; baseline 0.005 -27"><span class='ocrx_word' id='word_1_146' title='bbox 252 3376 440 3451; x_wconf 80' lang='lat' dir='ltr'>admodum</span> <span class='ocrx_word' id='word_1_147' title='bbox 458 3377 572 3451; x_wconf 91' lang='lat' dir='ltr'>eidem</span> <span class='ocrx_word' id='word_1_148' title='bbox 595 3379 640 3451; x_wconf 89' lang='lat' dir='ltr'>ab</span> <span class='ocrx_word' id='word_1_149' title='bbox 658 3377 894 3452; x_wconf 87' lang='lat' dir='ltr'>illustrissimis</span> <span class='ocrx_word' id='word_1_150' title='bbox 917 3381 1192 3477; x_wconf 82' lang='lat' dir='ltr'>progenitoribus</span> <span class='ocrx_word' id='word_1_151' title='bbox 1210 3390 1243 3454; x_wconf 90' lang='lat' dir='ltr'>et</span> <span class='ocrx_word' id='word_1_152' title='bbox 1261 3381 1560 3478; x_wconf 83' lang='lat' dir='ltr'>predecessoribus</span> <span class='ocrx_word' id='word_1_153' title='bbox 1577 3407 1656 3458; x_wconf 90' lang='lat' dir='ltr'>uos·</span> 
     </span>
     <span class='ocr_line' id='line_1_20' title="bbox 252 3502 1654 3604; baseline 0.005 -29"><span class='ocrx_word' id='word_1_154' title='bbox 252 3503 330 3595; x_wconf 88' lang='lat' dir='ltr'>tris,</span> <span class='ocrx_word' id='word_1_155' title='bbox 350 3525 418 3576; x_wconf 91' lang='lat' dir='ltr'>avo</span> <span class='ocrx_word' id='word_1_156' title='bbox 440 3502 600 3577; x_wconf 88' lang='lat' dir='ltr'>videlicet</span> <span class='ocrx_word' id='word_1_157' title='bbox 626 3513 661 3577; x_wconf 87' lang='lat' dir='ltr'>el</span> <span class='ocrx_word' id='word_1_158' title='bbox 686 3513 783 3602; x_wconf 86' lang='lat' dir='ltr'>patre</span> <span class='ocrx_word' id='word_1_159' title='bbox 800 3515 932 3597; x_wconf 90' lang='lat' dir='ltr'>nostro,</span> <span class='ocrx_word' id='word_1_160' title='bbox 951 3507 996 3578; x_wconf 90' lang='lat' dir='ltr'>ab</span> <span class='ocrx_word' id='word_1_161' title='bbox 1016 3505 1158 3602; x_wconf 91' lang='lat' dir='ltr'>antiquo</span> <span class='ocrx_word' id='word_1_162' title='bbox 1176 3528 1376 3579; x_wconf 90' lang='lat' dir='ltr'>concessum</span> <span class='ocrx_word' id='word_1_163' title='bbox 1395 3517 1462 3600; x_wconf 88' lang='lat' dir='ltr'>est,</span> <span class='ocrx_word' id='word_1_164' title='bbox 1489 3531 1534 3581; x_wconf 89' lang='lat' dir='ltr'>ex</span> <span class='ocrx_word' id='word_1_165' title='bbox 1560 3510 1654 3604; x_wconf 81' lang='lat' dir='ltr'>regia</span> 
     </span>
     <span class='ocr_line' id='line_1_21' title="bbox 252 3627 1654 3730; baseline 0.006 -30"><span class='ocrx_word' id='word_1_166' title='bbox 252 3639 368 3703; x_wconf 91' lang='lat' dir='ltr'>nostra</span> <span class='ocrx_word' id='word_1_167' title='bbox 390 3627 591 3703; x_wconf 84' lang='lat' dir='ltr'>liberalitate</span> <span class='ocrx_word' id='word_1_168' title='bbox 609 3628 851 3703; x_wconf 88' lang='lat' dir='ltr'>confirmamus</span> <span class='ocrx_word' id='word_1_169' title='bbox 866 3629 979 3704; x_wconf 90' lang='lat' dir='ltr'>eidem</span> <span class='ocrx_word' id='word_1_170' title='bbox 997 3641 1036 3704; x_wconf 91' lang='lat' dir='ltr'>ut</span> <span class='ocrx_word' id='word_1_171' title='bbox 1054 3654 1273 3728; x_wconf 90' lang='lat' dir='ltr'>quecumque</span> <span class='ocrx_word' id='word_1_172' title='bbox 1292 3631 1383 3705; x_wconf 91' lang='lat' dir='ltr'>bona</span> <span class='ocrx_word' id='word_1_173' title='bbox 1400 3633 1521 3706; x_wconf 84' lang='lat' dir='ltr'>iratres</span> <span class='ocrx_word' id='word_1_174' title='bbox 1545 3634 1654 3730; x_wconf 85' lang='lat' dir='ltr'>ipsius</span> 
     </span>
     <span class='ocr_line' id='line_1_22' title="bbox 252 3755 1655 3854; baseline 0.004 -27"><span class='ocrx_word' id='word_1_175' title='bbox 252 3777 314 3851; x_wconf 91' lang='lat' dir='ltr'>per</span> <span class='ocrx_word' id='word_1_176' title='bbox 334 3755 470 3829; x_wconf 90' lang='lat' dir='ltr'>alveum</span> <span class='ocrx_word' id='word_1_177' title='bbox 488 3756 575 3828; x_wconf 83' lang='lat' dir='ltr'>lleui</span> <span class='ocrx_word' id='word_1_178' title='bbox 600 3778 735 3828; x_wconf 87' lang='lat' dir='ltr'>sursum</span> <span class='ocrx_word' id='word_1_179' title='bbox 760 3756 835 3829; x_wconf 86' lang='lat' dir='ltr'>sive</span> <span class='ocrx_word' id='word_1_180' title='bbox 857 3757 1016 3830; x_wconf 91' lang='lat' dir='ltr'>deorsum</span> <span class='ocrx_word' id='word_1_181' title='bbox 1042 3755 1206 3830; x_wconf 84' lang='lat' dir='ltr'>duxerint</span> <span class='ocrx_word' id='word_1_182' title='bbox 1221 3758 1329 3830; x_wconf 92' lang='lat' dir='ltr'>libera</span> <span class='ocrx_word' id='word_1_183' title='bbox 1351 3768 1601 3854; x_wconf 88' lang='lat' dir='ltr'>pertranseant,</span> <span class='ocrx_word' id='word_1_184' title='bbox 1621 3771 1655 3834; x_wconf 86' lang='lat' dir='ltr'>et</span> 
     </span>
     <span class='ocr_line' id='line_1_23' title="bbox 253 3877 1655 3978; baseline 0.006 -26"><span class='ocrx_word' id='word_1_185' title='bbox 253 3879 327 3952; x_wconf 88' lang='lat' dir='ltr'>sine</span> <span class='ocrx_word' id='word_1_186' title='bbox 343 3879 437 3953; x_wconf 92' lang='lat' dir='ltr'>omui</span> <span class='ocrx_word' id='word_1_187' title='bbox 456 3877 612 3953; x_wconf 90' lang='lat' dir='ltr'>theloneo</span> <span class='ocrx_word' id='word_1_188' title='bbox 630 3903 694 3953; x_wconf 91' lang='lat' dir='ltr'>nec</span> <span class='ocrx_word' id='word_1_189' title='bbox 711 3903 780 3954; x_wconf 94' lang='lat' dir='ltr'>uou</span> <span class='ocrx_word' id='word_1_190' title='bbox 803 3882 983 3954; x_wconf 89' lang='lat' dir='ltr'>exactione</span> <span class='ocrx_word' id='word_1_191' title='bbox 1010 3892 1079 3954; x_wconf 90' lang='lat' dir='ltr'>tam</span> <span class='ocrx_word' id='word_1_192' title='bbox 1105 3885 1140 3954; x_wconf 94' lang='lat' dir='ltr'>iu</span> <span class='ocrx_word' id='word_1_193' title='bbox 1166 3881 1335 3956; x_wconf 90' lang='lat' dir='ltr'>Bobardia</span> <span class='ocrx_word' id='word_1_194' title='bbox 1352 3906 1457 3978; x_wconf 90' lang='lat' dir='ltr'>quam</span> <span class='ocrx_word' id='word_1_195' title='bbox 1474 3885 1509 3955; x_wconf 96' lang='lat' dir='ltr'>iu</span> <span class='ocrx_word' id='word_1_196' title='bbox 1528 3885 1655 3960; x_wconf 88' lang='lat' dir='ltr'>Werda</span> 
     </span>
     <span class='ocr_line' id='line_1_24' title="bbox 254 4001 1656 4101; baseline 0.005 -24"><span class='ocrx_word' id='word_1_197' title='bbox 254 4001 482 4077; x_wconf 86' lang='lat' dir='ltr'>deducantur.</span> <span class='ocrx_word' id='word_1_198' title='bbox 509 4005 560 4078; x_wconf 90' lang='lat' dir='ltr'>Ne</span> <span class='ocrx_word' id='word_1_199' title='bbox 588 4005 667 4101; x_wconf 90' lang='lat' dir='ltr'>quis</span> <span class='ocrx_word' id='word_1_200' title='bbox 693 4011 807 4078; x_wconf 90' lang='lat' dir='ltr'>autem</span> <span class='ocrx_word' id='word_1_201' title='bbox 832 4005 913 4078; x_wconf 92' lang='lat' dir='ltr'>huic</span> <span class='ocrx_word' id='word_1_202' title='bbox 945 4005 1194 4080; x_wconf 86' lang='lat' dir='ltr'>confirmationi</span> <span class='ocrx_word' id='word_1_203' title='bbox 1223 4017 1337 4082; x_wconf 91' lang='lat' dir='ltr'>nostre</span> <span class='ocrx_word' id='word_1_204' title='bbox 1360 4030 1447 4081; x_wconf 89' lang='lat' dir='ltr'>ausu</span> <span class='ocrx_word' id='word_1_205' title='bbox 1477 4011 1656 4085; x_wconf 89' lang='lat' dir='ltr'>temerario</span> 
     </span>
     <span class='ocr_line' id='line_1_25' title="bbox 253 4127 1658 4230; baseline 0.006 -29"><span class='ocrx_word' id='word_1_206' title='bbox 253 4137 426 4224; x_wconf 87' lang='lat' dir='ltr'>presumat</span> <span class='ocrx_word' id='word_1_207' title='bbox 453 4127 612 4220; x_wconf 86' lang='lat' dir='ltr'>obviare,</span> <span class='ocrx_word' id='word_1_208' title='bbox 641 4151 780 4226; x_wconf 89' lang='lat' dir='ltr'>presens</span> <span class='ocrx_word' id='word_1_209' title='bbox 809 4129 1029 4226; x_wconf 79' lang='lat' dir='ltr'>privilegium</span> <span class='ocrx_word' id='word_1_210' title='bbox 1059 4133 1228 4205; x_wconf 91' lang='lat' dir='ltr'>conscribi</span> <span class='ocrx_word' id='word_1_211' title='bbox 1258 4133 1402 4230; x_wconf 79' lang='lat' dir='ltr'>dignum</span> <span class='ocrx_word' id='word_1_212' title='bbox 1431 4133 1598 4208; x_wconf 83' lang='lat' dir='ltr'>duximus</span> <span class='ocrx_word' id='word_1_213' title='bbox 1623 4147 1658 4209; x_wconf 91' lang='lat' dir='ltr'>et</span> 
     </span>
     <span class='ocr_line' id='line_1_26' title="bbox 254 4253 868 4348; baseline 0.002 -23"><span class='ocrx_word' id='word_1_214' title='bbox 254 4253 356 4348; x_wconf 83' lang='lat' dir='ltr'>sigilli</span> <span class='ocrx_word' id='word_1_215' title='bbox 373 4255 477 4326; x_wconf 92' lang='lat' dir='ltr'>nostri</span> <span class='ocrx_word' id='word_1_216' title='bbox 496 4254 687 4328; x_wconf 89' lang='lat' dir='ltr'>munimine</span> <span class='ocrx_word' id='word_1_217' title='bbox 706 4255 868 4328; x_wconf 88' lang='lat' dir='ltr'>roborari.</span> 
     </span>
    </p>

    <p class='ocr_par' dir='ltr' id='par_1_6' title="bbox 253 4379 1659 4730">
     <span class='ocr_line' id='line_1_27' title="bbox 301 4379 1656 4484; baseline 0.007 -33"><span class='ocrx_word' id='word_1_218' title='bbox 301 4380 417 4451; x_wconf 85' lang='lat' dir='ltr'>Testes</span> <span class='ocrx_word' id='word_1_219' title='bbox 436 4389 516 4451; x_wconf 89' lang='lat' dir='ltr'>suut</span> <span class='ocrx_word' id='word_1_220' title='bbox 539 4379 766 4476; x_wconf 78' lang='lat' dir='ltr'>Eugelbertus</span> <span class='ocrx_word' id='word_1_221' title='bbox 788 4380 997 4455; x_wconf 88' lang='lat' dir='ltr'>Coloniensis</span> <span class='ocrx_word' id='word_1_222' title='bbox 1023 4383 1319 4481; x_wconf 88' lang='lat' dir='ltr'>archiepiscopus,</span> <span class='ocrx_word' id='word_1_223' title='bbox 1340 4385 1554 4459; x_wconf 90' lang='lat' dir='ltr'>Hermaunus</span> <span class='ocrx_word' id='word_1_224' title='bbox 1577 4410 1656 4484; x_wconf 88' lang='lat' dir='ltr'>pre·</span> 
     </span>
     <span class='ocr_line' id='line_1_28' title="bbox 253 4501 1653 4610; baseline 0.009 -36"><span class='ocrx_word' id='word_1_225' title='bbox 253 4501 386 4598; x_wconf 91' lang='lat' dir='ltr'>positus</span> <span class='ocrx_word' id='word_1_226' title='bbox 407 4504 626 4599; x_wconf 89' lang='lat' dir='ltr'>Werdeusis,</span> <span class='ocrx_word' id='word_1_227' title='bbox 654 4505 827 4579; x_wconf 89' lang='lat' dir='ltr'>Gerardus</span> <span class='ocrx_word' id='word_1_228' title='bbox 852 4529 966 4582; x_wconf 88' lang='lat' dir='ltr'>comes</span> <span class='ocrx_word' id='word_1_229' title='bbox 989 4508 1033 4582; x_wconf 89' lang='lat' dir='ltr'>de</span> <span class='ocrx_word' id='word_1_230' title='bbox 1056 4509 1155 4600; x_wconf 88' lang='lat' dir='ltr'>Diez,</span> <span class='ocrx_word' id='word_1_231' title='bbox 1186 4509 1358 4583; x_wconf 85' lang='lat' dir='ltr'>Aruoldus</span> <span class='ocrx_word' id='word_1_232' title='bbox 1382 4510 1426 4584; x_wconf 93' lang='lat' dir='ltr'>de</span> <span class='ocrx_word' id='word_1_233' title='bbox 1446 4511 1653 4610; x_wconf 86' lang='lat' dir='ltr'>Gimmonik,</span> 
     </span>
     <span class='ocr_line' id='line_1_29' title="bbox 255 4626 1659 4730; baseline 0.009 -30"><span class='ocrx_word' id='word_1_234' title='bbox 255 4626 425 4702; x_wconf 88' lang='lat' dir='ltr'>Gerardus</span> <span class='ocrx_word' id='word_1_235' title='bbox 443 4627 487 4702; x_wconf 87' lang='lat' dir='ltr'>de</span> <span class='ocrx_word' id='word_1_236' title='bbox 508 4629 662 4725; x_wconf 88' lang='lat' dir='ltr'>Siuzich,</span> <span class='ocrx_word' id='word_1_237' title='bbox 689 4629 892 4707; x_wconf 89' lang='lat' dir='ltr'>Gernaudus</span> <span class='ocrx_word' id='word_1_238' title='bbox 910 4634 1118 4728; x_wconf 82' lang='lat' dir='ltr'>burgravius</span> <span class='ocrx_word' id='word_1_239' title='bbox 1135 4634 1179 4709; x_wconf 92' lang='lat' dir='ltr'>de</span> <span class='ocrx_word' id='word_1_240' title='bbox 1196 4635 1367 4730; x_wconf 90' lang='lat' dir='ltr'>Werdeu,</span> <span class='ocrx_word' id='word_1_241' title='bbox 1389 4635 1565 4712; x_wconf 88' lang='lat' dir='ltr'>Couradus</span> <span class='ocrx_word' id='word_1_242' title='bbox 1589 4663 1659 4714; x_wconf 90' lang='lat' dir='ltr'>uo-</span> 
     </span>
    </p>
   </div>
   <div class='ocr_carea' id='block_1_6' title="bbox 254 4754 1660 4952">
    <p class='ocr_par' dir='ltr' id='par_1_7' title="bbox 254 4754 1660 4952">
     <span class='ocr_line' id='line_1_30' title="bbox 254 4754 1660 4858; baseline 0.01 -32"><span class='ocrx_word' id='word_1_243' title='bbox 254 4754 361 4827; x_wconf 85' lang='lat' dir='ltr'>tarius</span> <span class='ocrx_word' id='word_1_244' title='bbox 380 4754 425 4828; x_wconf 93' lang='lat' dir='ltr'>de</span> <span class='ocrx_word' id='word_1_245' title='bbox 445 4754 638 4851; x_wconf 88' lang='lat' dir='ltr'>Bobarden,</span> <span class='ocrx_word' id='word_1_246' title='bbox 659 4757 863 4832; x_wconf 88' lang='lat' dir='ltr'>Wilhelmus</span> <span class='ocrx_word' id='word_1_247' title='bbox 880 4759 1071 4834; x_wconf 88' lang='lat' dir='ltr'>advocatus</span> <span class='ocrx_word' id='word_1_248' title='bbox 1089 4761 1275 4858; x_wconf 83' lang='lat' dir='ltr'>Aquensis,</span> <span class='ocrx_word' id='word_1_249' title='bbox 1298 4765 1400 4838; x_wconf 89' lang='lat' dir='ltr'>lrater</span> <span class='ocrx_word' id='word_1_250' title='bbox 1416 4765 1597 4839; x_wconf 87' lang='lat' dir='ltr'>Bertoldus</span> <span class='ocrx_word' id='word_1_251' title='bbox 1615 4766 1660 4840; x_wconf 94' lang='lat' dir='ltr'>de</span> 
     </span>
     <span class='ocr_line' id='line_1_31' title="bbox 353 4881 1502 4952; baseline 0.01 -11"><span class='ocrx_word' id='word_1_252' title='bbox 353 4881 393 4941; x_wconf 89' lang='lat' dir='ltr'>ll.</span> <span class='ocrx_word' id='word_1_253' title='bbox 405 4895 460 4940; x_wconf 74' lang='lat' dir='ltr'>rm</span> <span class='ocrx_word' id='word_1_254' title='bbox 473 4897 494 4942; x_wconf 82' lang='lat' dir='ltr'>a.</span> <span class='ocrx_word' id='word_1_255' title='bbox 1358 4919 1364 4936; x_wconf 93' lang='lat'><strong>·</strong></span> <span class='ocrx_word' id='word_1_256' title='bbox 1447 4900 1502 4952; x_wconf 87' lang='lat'>108</span> 
     </span>
    </p>
   </div>
   <div class='ocr_carea' id='block_1_7' title="bbox 1682 1185 1861 1296">
    <p class='ocr_par' dir='ltr' id='par_1_8' title="bbox 1682 1185 1861 1296">
     <span class='ocr_line' id='line_1_32' title="bbox 1716 1185 1823 1236; baseline 0.037 -9"><span class='ocrx_word' id='word_1_257' title='bbox 1716 1185 1823 1236; x_wconf 77' lang='lat' dir='ltr'>Werdeu,</span> 
     </span>
     <span class='ocr_line' id='line_1_33' title="bbox 1682 1242 1861 1296; baseline 0.022 -14"><span class='ocrx_word' id='word_1_258' title='bbox 1682 1242 1706 1282; x_wconf 75' lang='lat'>27</span> <span class='ocrx_word' id='word_1_259' title='bbox 1721 1242 1861 1296; x_wconf 75' lang='lat' dir='ltr'>septembriu-</span> 
     </span>
    </p>
   </div>
   <div class='ocr_carea' id='block_1_8' title="bbox 0 0 2181 5908">
    <p class='ocr_par' dir='ltr' id='par_1_9' title="bbox 0 0 2181 5908">
     <span class='ocr_line' id='line_1_34' title="bbox 0 0 2181 5908; baseline 0 0"><span class='ocrx_word' id='word_1_260' title='bbox 0 0 2181 5908; x_wconf 95' lang='lat' dir='ltr'> </span> 
     </span>
    </p>
   </div>
  </div>
 </body>
</html>
