4330 5914
207 573 304 634 tanta.
325 573 385 650 ra]
655 563 850 628 nrsrouta
874 563 1167 628 otrnottortca
1561 561 1622 622 ero

206 701 438 785 ordinationi
461 699 602 784 summi
619 697 808 808 pontificis
834 697 915 805 ipse
940 696 1193 801 commiserit3
1215 705 1401 806 rogatque
1418 704 1463 778 ut
1479 719 1618 778 cruce-

208 836 378 944 signatos
400 835 558 916 inducat
574 841 618 914 ut
634 831 788 914 ueniant
804 839 972 939 tempore
989 831 1120 912 indicti
1142 830 1309 939 passagii
1325 829 1526 940 generalis.

292 1049 409 1130 (solda
420 1050 458 1111 ll.
473 1050 669 1124 Sunmnorts,
684 1043 894 1128 Merhcttrds'pe
906 1041 1061 1106 crlucden
1067 1043 1127 1126 fiir
1141 1041 1187 1104 dic
1199 1045 1299 1106 omo.
1310 1042 1418 1120 oum,
1433 1051 1504 1108 crst.
1521 1044 1618 1120 Thell,

329 1175 361 1236 p.
379 1165 451 1229 too,
473 1166 506 1216 n⁰
526 1157 568 1229 L,
592 1172 631 1215 ex
654 1154 860 1231 diplomatarlo
882 1151 1062 1212 Hlldeshcm.
1088 1167 1238 1214 manuscr.
1262 1151 1405 1214 hacteuus
1425 1152 1552 1227 madito,
1567 1151 1621 1214 sed

330 1264 429 1324 mluus
441 1269 518 1324 recte
531 1261 570 1323 sd
583 1278 655 1324 unu.
673 1269 747 1322 122⁷
763 1259 842 1321 hauc
855 1260 1008 1336 epistolam
1021 1258 1198 1334 collocarit.)

259 1449 453 1524 Fridericus
473 1449 537 1522 Dei
560 1448 669 1544 gratia
692 1449 924 1521 Romanorum
943 1447 1126 1542 imperator
1145 1455 1334 1540 augustus,
1360 1445 1570 1519 iherusalem
1588 1455 1622 1520 et

211 1574 328 1648 Sicilie
346 1595 429 1664 rex,
449 1575 614 1668 magistro
631 1571 786 1646 Arnoldo
807 1572 934 1645 dilecto
958 1570 1052 1644 fideli
1078 1593 1142 1644 suc
1167 1571 1314 1664 gratiam
1338 1593 1437 1643 suam
1463 1581 1498 1643 et
1520 1593 1623 1646 omne

213 1700 357 1772 bonum.
369 1697 471 1784 Quod
483 1719 531 1772 ex
543 1697 647 1790 longo
659 1705 812 1791 tempore
829 1696 876 1770 ad
894 1697 1057 1769 bonorem
1074 1695 1135 1768 Dei
1148 1691 1209 1792 [ot]
1220 1693 1458 1790 Redemptoris
1472 1694 1533 1766 filii
1548 1697 1624 1788 ejus

213 1824 318 1896 lhesu
353 1823 475 1895 Christi
503 1821 640 1894 Domini
671 1821 777 1894 nostri
809 1821 1097 1916 assumpserimus
1122 1820 1341 1915 solempniter
1367 1827 1403 1892 et
1428 1821 1623 1895 voluntarie

213 1945 352 2043 signum
366 1948 496 2039 crucis,
514 1955 607 2020 totus
625 1947 720 2020 orbis
741 1955 909 2020 terrarum
932 1947 1089 2042 undique
1110 1946 1246 2042 plenius
1265 1946 1337 2038 jam
1358 1945 1538 2040 coguovit3
1559 1967 1623 2020 nec

214 2073 371 2167 ignotum
397 2080 450 2145 est
472 2071 577 2144 stiam
602 2070 699 2166 quod
718 2091 782 2144 nos
808 2091 887 2142 cum
913 2069 1169 2165 dispensatione
1193 2079 1228 2142 et
1244 2069 1489 2143 deliberatione
1509 2091 1622 2144 sacro-

215 2205 333 2270 sancte
348 2197 499 2270 Romane
513 2195 666 2268 Ecclesia
678 2196 796 2290 plures
810 2195 1074 2290 prorogavimus
1090 2194 1253 2266 terminos
1267 2195 1303 2264 in
1319 2193 1385 2266 hoc
1403 2195 1492 2266 lacto
1508 2201 1547 2265 ut
1562 2215 1624 2288 pa·

216 2319 359 2394 cificatis
374 2321 574 2416 regionibus
592 2329 628 2394 et
648 2320 836 2416 provinciis
849 2320 1061 2414 ubicumque
1082 2320 1235 2416 potentie
1256 2327 1371 2392 nostre
1387 2339 1429 2390 ac
1447 2318 1624 2413 diguitatis

218 2445 411 2519 dominium
433 2445 617 2541 preminet,
640 2445 814 2516 exercitus
837 2443 958 2516 Christi
978 2467 1082 2538 quem
1106 2444 1152 2517 ad
1172 2447 1247 2537 ejus
1267 2444 1473 2537 obsequium
1496 2444 1625 2517 ducere

216 2569 494 2665 proponebamus
504 2565 699 2664 magnifice,
713 2589 776 2664 per
790 2589 909 2663 pacem
923 2571 1118 2664 generalem
1132 2568 1287 2642 fidelium
1303 2569 1396 2642 vires
1411 2568 1538 2641 cotidie
1550 2591 1624 2644 ma·

213 2692 307 2784 jores
329 2701 539 2784 assumeret,
559 2701 595 2766 ct
618 2693 669 2764 sic
691 2711 755 2764 uos
781 2713 860 2762 cum
883 2692 1097 2765 beatitudine
1121 2693 1217 2788 pacis
1243 2693 1280 2764 in
1303 2693 1500 2766 subsidium
1523 2696 1625 2767 Terre

217 2818 341 2890 Sancte
360 2817 585 2890 transiremus
604 2816 749 2889 feliciter
761 2825 797 2888 et
817 2817 854 2886 in
872 2816 1012 2888 servitio
1028 2827 1143 2890 nostro
1163 2815 1411 2912 glorificaretur
1429 2816 1625 2890 Altissimus

218 2949 253 3013 et
275 2941 469 3014 secuudum
487 2941 699 3015 desiderium
720 2948 756 3012 et
776 2949 896 3012 votum
919 2949 1073 3017 nostrum
1100 2939 1343 3036 proficeremus
1367 2941 1486 3013 utilius
1509 2953 1626 3015 contra

217 3065 345 3139 hostes.
369 3066 469 3140 Unda
492 3066 636 3161 contigit
657 3063 754 3160 quod
779 3085 842 3159 pro
867 3063 1084 3137 reformanda
1108 3065 1295 3138 universali
1319 3087 1405 3161 pace
1426 3064 1568 3138 firmiter
1592 3078 1627 3140 et

218 3190 350 3285 ubique
367 3211 428 3286 per
443 3189 616 3262 mundum
631 3198 666 3262 et
682 3210 746 3285 pro
764 3188 972 3262 inducendis
991 3187 1152 3262 fidelibus
1166 3188 1212 3262 ad
1225 3189 1431 3284 obsequium
1449 3190 1624 3283 crucifixi,

218 3312 412 3386 indiximus
433 3315 565 3386 curiam
593 3314 789 3409 generalem
815 3313 992 3386 Cremona.
1011 3312 1068 3387 Ad
1089 3336 1194 3408 quam
1217 3314 1431 3410 principibus
1457 3315 1629 3389 universis

219 3437 353 3532 imperii
377 3447 412 3510 et
437 3437 483 3510 de
506 3437 654 3512 diversis
676 3438 832 3533 partibus
859 3438 981 3510 mundi
1003 3437 1178 3511 nobilibus
1201 3439 1415 3531 convocatis,
1441 3443 1628 3537 appropin-

218 3571 349 3658 quante
371 3563 529 3656 termino,
549 3563 586 3635 iu
605 3563 728 3658 spiritu
749 3563 970 3657 benignitatis
985 3574 1021 3636 ct
1040 3565 1135 3658 pacis
1154 3564 1382 3660 processimus
1394 3564 1441 3638 ad
1457 3565 1626 3640 eamdem.

219 3687 262 3759 llt
274 3708 356 3759 cum
371 3708 479 3783 prope
495 3687 610 3760 locum
627 3687 756 3760 indicte
776 3687 872 3760 curie
882 3689 956 3780 jam
976 3709 1142 3779 essemus,
1160 3687 1342 3760 lombardi
1355 3688 1500 3782 quidam
1513 3713 1552 3764 se
1568 3713 1630 3787 op·

220 3819 387 3906 ponentes
399 3820 554 3906 patenter
571 3823 606 3884 et
627 3789 822 3884 invidentes
840 3811 954 3906 potius
976 3813 1118 3885 servitio
1131 3814 1194 3885 Dei
1215 3835 1320 3906 mam
1339 3813 1452 3906 nobis,
1471 3837 1516 3889 ne
1536 3817 1631 3891 curia

221 3935 448 4007 celebraretur
462 3935 616 4031 predicta
629 3935 827 4008 occasiones
841 3935 1050 4009 invenerunt
1063 3936 1288 4009 dissensionis
1304 3945 1339 4010 et
1357 3938 1529 4031 scandali,
1546 3951 1580 4013 et
1596 3943 1632 4012 in

221 4057 354 4130 lubrico
372 4059 495 4131 erroris
512 4059 711 4152 buJusmodi
725 4060 919 4134 voluntarie
936 4063 1026 4136 ultra
1048 4061 1192 4135 modum
1208 4062 1367 4158 collapsis,
1385 4073 1502 4137 contra
1523 4065 1633 4138 moni·

223 4181 332 4254 tiones
354 4183 551 4278 frequentas
572 4193 607 4256 et
628 4184 828 4279 patientiam
849 4194 1001 4259 nostram
1024 4187 1112 4260 adeo
1133 4195 1371 4282 processerunt
1394 4188 1513 4284 inique
1537 4191 1633 4284 quod

223 4305 419 4380 carissimus
442 4304 573 4406 [filius]
592 4317 708 4381 noster
727 4309 914 4403 henricus,
940 4333 1003 4383 rex
1030 4311 1260 4384 Romanorum
1287 4311 1448 4405 illustris,
1471 4322 1506 4386 et
1532 4314 1632 4387 multi

223 4430 396 4526 principes
412 4441 447 4504 et
466 4442 644 4526 magnates
660 4433 796 4530 imperii
813 4433 875 4530 qui
891 4455 954 4530 pro
968 4434 1152 4508 devotione
1167 4435 1307 4532 speciali
1325 4445 1360 4508 et
1375 4439 1513 4530 negotio
1527 4437 1633 4510 lhesu

224 4550 348 4627 Christi
364 4555 617 4653 inexemplum
639 4559 742 4632 totius
762 4561 882 4656 populi
901 4559 1077 4651 christiani
1098 4561 1145 4633 ad
1161 4560 1352 4656 predictam
1367 4561 1497 4633 curiam
1513 4563 1633 4636 venie·

224 4678 308 4751 baut
317 4732 328 4770 ,
347 4677 432 4752 dum
445 4701 493 4753 eu
508 4681 699 4779 insperato,
720 4682 959 4756 resistentibus
973 4683 1175 4757 Lombardis
1189 4683 1382 4777 jamdictis,
1407 4686 1572 4760 veniendi
1588 4686 1634 4760 ad
