4330 5914
544 548 605 610 750
1065 543 1237 606 llliNlllCl
1263 545 1430 608 succinti
1501 583 1505 592 ·
1768 549 1847 634 [Ans.
1869 551 1952 616 1222

548 667 691 758 ecclesie
705 690 817 756 vestre
831 681 922 773 lecit,
934 703 998 777 pro
1010 703 1080 776 qna
1093 681 1165 757 dno
1177 685 1344 780 capellani
1359 687 1395 758 in
1408 685 1553 760 ecclesia
1565 695 1680 760 vestra
1692 686 1819 764 cotidie
1833 687 1955 764 missas

550 807 741 898 celebrant,
758 829 821 903 pro
841 805 988 904 predicti
1006 807 1065 880 avi
1081 809 1188 882 nostri
1208 817 1245 883 st
1263 821 1518 886 antecessorum
1542 831 1682 884 snorum
1705 813 1834 906 salute,
1860 835 1955 888 raco-

553 934 750 1032 gnoscimus
764 942 799 1008 et
813 933 976 1008 volumus
989 955 1066 1008 cam
1079 942 1183 1030 prout
1198 933 1244 1008 ab
1261 955 1304 1010 eo
1318 937 1408 1010 iactu
1423 945 1476 1010 ast
1492 937 1660 1032 integram
1672 945 1708 1010 et
1721 937 1956 1012 inconvulsum

552 1080 775 1151 conscrvarc3
800 1059 847 1132 ita
870 1057 966 1154 quod
991 1057 1110 1130 nuilus
1135 1059 1226 1133 alins
1244 1059 1281 1131 in
1304 1061 1459 1156 predicta
1477 1061 1560 1136 viiia
1577 1071 1612 1136 et
1635 1062 1833 1136 hominibus
1857 1063 1956 1159 quic·

554 1207 660 1280 quam
677 1183 766 1278 juris
785 1205 847 1258 san
867 1183 999 1258 ratione
1019 1183 1200 1258 advocatio
1222 1185 1298 1260 sive
1318 1186 1412 1260 leodi
1427 1187 1485 1262 vel
1501 1187 1569 1261 alia
1587 1185 1633 1262 de
1649 1209 1754 1260 causa
1775 1188 1884 1283 possit
1901 1189 1957 1261 vcl

552 1309 678 1384 audeat
696 1309 883 1384 vendicare
900 1309 957 1384 vel
978 1309 1122 1402 habere,
1142 1309 1233 1384 sicut
1256 1309 1350 1385 idem
1366 1333 1455 1386 avus
1476 1321 1592 1386 noster
1611 1312 1657 1387 de
1675 1313 1828 1407 predicta
1848 1311 1956 1388 dona·

551 1437 644 1510 done
662 1434 846 1510 ordinavit.
864 1435 964 1510 Unde
984 1435 1085 1508 vobis
1104 1435 1327 1510 concedimus
1343 1444 1380 1512 et
1397 1437 1604 1514 mandamus
1617 1436 1713 1532 quod
1731 1438 1761 1510 si
1781 1437 1858 1511 dux
1876 1439 1956 1510 Bra·

551 1559 669 1636 bantie
692 1561 853 1654 injuriam
876 1561 969 1634 iliam
993 1583 1063 1656 que
1083 1561 1185 1635 vobis
1206 1561 1396 1635 intulerunt
1417 1561 1528 1659 ipsius
1555 1561 1714 1636 homines
1741 1563 1778 1636 in
1802 1561 1956 1659 predicta

553 1687 638 1761 villa
651 1707 815 1761 revocare
834 1687 998 1779 noluerit,
1020 1687 1110 1760 sicut
1124 1686 1158 1760 ei
1175 1685 1394 1780 mandamus,
1412 1685 1508 1783 quod
1525 1687 1584 1779 jus
1605 1696 1761 1761 nostrum
1780 1688 1957 1762 ecclesias·

552 1813 620 1887 tioo
640 1815 719 1907 jure
737 1812 994 1910 persequamini
1012 1820 1048 1885 et
1064 1811 1252 1910 predictam
1270 1812 1389 1887 villam
1406 1821 1443 1886 et
1465 1812 1623 1886 homines
1644 1835 1725 1887 cum
1746 1813 1842 1887 omni
1867 1813 1958 1886 inte·

551 1938 674 2034 gritatc
686 1947 722 2012 ct
731 1939 810 2034 jure
827 1937 1012 2013 retineatis.

600 2067 727 2138 Datum
741 2065 862 2139 Granis
876 2062 999 2160 Aquis,
1017 2085 1126 2138 nonas
1141 2062 1308 2139 kalendas
1321 2063 1471 2138 octobris
1485 2061 1537 2162 (l)
1553 2063 1639 2162 (cic).

606 2656 810 2765 Henricus,
825 2606 1085 2742 Romanorum
1100 2684 1187 2766 rex,
1202 2657 1431 2768 lingelberto
1448 2654 1663 2740 Coloniensi
1680 2653 1961 2763 archiepiscopo

554 2794 712 2877 mandat
727 2803 771 2877 ut
784 2792 1000 2904 capellanos
1023 2819 1113 2878 suos
1128 2793 1177 2876 de
1198 2793 1316 2877 choro
1334 2791 1461 2874 Sancti
1474 2789 1665 2874 iremberti
1681 2797 1813 2871 contra
1824 2787 1962 2870 ducem

553 2927 779 3013 brabantiae
809 2927 1045 3011 advocatiam
1075 2928 1124 3012 de
1155 2927 1294 3012 Freren
1325 2935 1458 3011 contra
1484 2924 1549 3036 jus
1579 2923 1835 3034 possidentem
1864 2919 1961 3004 dili-

557 3073 688 3175 genter
706 3062 870 3172 adjuvet.

637 3275 762 3352 (lncdit.
783 3291 822 3338 ex
839 3274 907 3338 cod.
927 3275 1044 3352 lefort,
1057 3292 1093 3338 n·
1114 3285 1166 3352 18,
1182 3274 1205 3336 i.
1223 3283 1278 3352 92,
1294 3283 1350 3350 983
1369 3274 1423 3338 nbi
1440 3278 1657 3352 transumptum
1670 3288 1789 3352 quoque
1805 3269 1963 3333 didturex

677 3383 827 3464 originali,
841 3382 928 3458 ibid„
947 3382 999 3445 iol.
1015 3392 1092 3460 2³23
1113 3387 1198 3464 cujus
1210 3388 1293 3463 tergo
1306 3399 1375 3462 pars
1387 3381 1475 3464 sigilli
1487 3382 1564 3444 cerei
1576 3379 1777 3456 adhaerebat)

606 3573 774 3647 lienricns
793 3573 857 3648 Dei
878 3575 989 3668 gratia
1006 3575 1238 3650 Romanorum
1252 3595 1317 3648 rex
1332 3583 1367 3647 et
1381 3593 1517 3669 semper
1529 3577 1710 3666 augustus,
1727 3567 1852 3642 dilecto
1868 3565 1965 3664 prin·

559 3697 630 3794 cipi
646 3719 710 3771 suo
725 3697 767 3770 Ε.
788 3699 982 3774 Coloniensi
995 3700 1253 3796 archiepiscopo
1265 3697 1410 3795 gratiam
1433 3719 1533 3772 suern
1546 3703 1582 3770 et
1595 3715 1698 3770 omne
1714 3693 1859 3766 bonnm.
1875 3689 1965 3778 Quia

560 3821 708 3897 dilectus
732 3833 850 3914 nostor,
867 3826 910 3898 H.
936 3826 1013 3899 dux
1032 3825 1214 3900 brabantia
1231 3825 1450 3899 advocatiam
1468 3823 1514 3898 dc
1530 3823 1654 3896 Freran
1669 3829 1788 3895 contra
1804 3819 1865 3912 jus
1885 3837 1966 3914 pos

562 3945 664 4036 sidet,
679 3948 769 4022 sicut
781 3959 875 4045 patet
888 3972 935 4023 ex
946 3951 1069 4025 litteris
1083 3949 1290 4026 venerabilis
1300 3949 1438 4024 Henrici
1452 3949 1510 4023 avi
1524 3947 1631 4021 nostri
1644 3955 1679 4020 et
1689 3945 1795 4043 patris
1808 3941 1913 4018 nostri
1923 3941 1962 4013 F.

561 4071 820 4170 imperatorum,
838 4073 1013 4150 dilectioni
1027 4085 1086 4150 tue
1098 4077 1304 4150 mandamus
1324 4083 1359 4149 st
1376 4055 1505 4148 aiente
1519 4069 1675 4168 rogando
1691 4067 1833 4143 tirmiter
1851 4068 1967 4161 injun-

559 4197 675 4292 gimus
695 4207 869 4296 quatenns
884 4201 1079 4297 capellanos
1098 4211 1232 4276 nostros
1256 4198 1451 4275 sacerdotes
1465 4197 1511 4274 ds
1535 4197 1640 4271 choro
1664 4194 1773 4269 sancti
1797 4191 1966 4266 Lcmberti

597 4504 634 4584 (i)
653 4507 807 4586 legendum
819 4515 909 4569 cuum
930 4511 1038 4570 videtur
1051 4529 1058 4567 :
1073 4511 1166 4570 datum
1179 4511 1361 4586 iquoquam,
1375 4525 1445 4567 mco
1460 4506 1588 4566 lrsiendss
1599 4503 1726 4565 octobris
1738 4503 1806 4562 Cum
1823 4501 1893 4560 desit
1904 4491 1966 4557 anni

560 4605 676 4679 notatio,
695 4605 730 4664 ud
743 4609 868 4668 eumdem
888 4625 989 4667 annum
1009 4609 1062 4669 boc
1082 4609 1238 4668 mandatum
1259 4607 1428 4668 reserandum
1448 4621 1603 4680 censemus,
1616 4619 1671 4680 quo
1683 4601 1754 4662 alind
1766 4601 1802 4662 ds
1820 4617 1852 4661 re
1873 4597 1966 4658 cadom

560 4703 663 4763 editum
673 4703 732 4764 luit.
745 4705 813 4766 Vide
823 4721 904 4783 supra
915 4725 945 4784 p.
956 4710 1019 4768 itt.
