4330 5914
531 549 592 612 res
1058 547 1230 612 runnrcr
1254 549 1421 613 sarrrur
1759 552 1841 636 [nn.
1860 555 1945 618 ism

533 687 639 762 vibus
652 706 741 782 qnos
757 696 972 760 sacramento
991 687 1133 783 prestito
1157 686 1204 761 ad
1225 688 1407 762 ecclesiam
1429 655 1528 764 suam
1551 697 1707 784 spectare
1731 691 1943 786 probaverit,

534 813 714 888 obtinebit.
731 814 803 886 Hec
822 821 939 886 cutem
959 813 1076 888 omnia
1096 813 1148 888 sie
1171 823 1246 888 ruta
1270 816 1523 911 permanebunt
1548 816 1578 888 si
1599 815 1740 890 domino
1754 818 1945 914 imperatori

536 938 702 1036 placitum
717 937 795 1012 tuit.

584 1063 711 1138 Actum
734 1083 826 1138 enno
850 1063 896 1137 ab
921 1062 1158 1139 incarnatione
1177 1063 1314 1138 Domini
1339 1063 1555 1160 mccxxnl,
1576 1065 1622 1138 ΠΙ
1637 1087 1747 1142 nonas
1762 1067 1868 1162 maii,
1889 1067 1948 1141 in-

537 1189 762 1268 dictioneXl.

583 1318 710 1390 Datum
721 1315 896 1412 Hagsnos,
911 1310 1041 1412 [coram
1055 1313 1110 1416 bis
1128 1313 1285 1407 testibus,
1299 1313 1488 1412 imperialis
1503 1315 1584 1388 aute
1597 1315 1814 1404 cancellario,
1828 1317 1949 1390 Herbi·

536 1441 670 1539 polensi
698 1448 733 1514 et
763 1439 976 1536 Augustausi
1006 1439 1200 1537 episcopis,
1233 1439 1536 1536 Nuwenburgensi
1567 1441 1712 1532 abbate,
1744 1441 1950 1536 iterquerdo

538 1569 664 1658 scriba,
685 1567 883 1642 marchione
896 1566 942 1641 do
955 1566 1092 1658 Baden,
1109 1566 1234 1640 comite
1246 1567 1444 1662 Sigeberto,
1463 1565 1675 1640 marschalco
1689 1563 1735 1640 do
1752 1567 1946 1662 inningen,

538 1693 694 1792 dapifero
708 1692 754 1767 de
763 1693 941 1790 Watpurc,
950 1693 993 1765 H.
1005 1692 1113 1766 milite
1124 1690 1169 1766 de
1177 1691 1441 1788 Gusterdingen‚
1453 1692 1595 1766 sculteto
1606 1689 1652 1765 de
1663 1687 1950 1790 Hagenowe(i).]

356 2389 380 2435 n
401 2335 494 2434 gg„
599 2307 802 2414 Henricus,
828 2307 1089 2393 Romanorum
1116 2335 1201 2416 rex,
1221 2309 1423 2394 confirmat
1440 2321 1478 2394 et
1498 2319 1623 2394 retem
1640 2311 1757 2394 habet
1773 2311 1955 2394 donatio·

381 2401 508 2501 'innon'
543 2463 636 2524 nem
654 2451 799 2551 apatre
826 2468 896 2526 suo
919 2443 1108 2528 Friderico
1134 2445 1363 2554 imperatore
1389 2445 1530 2528 iactam
1558 2445 1739 2530 Alberoni
1768 2444 1896 2530 abbati
1921 2453 1958 2527 et

545 2573 727 2659 iratribus
753 2575 962 2662 Novioastri
986 2575 1250 2692 (Neuenburg)
1269 2579 1317 2664 de
1343 2605 1523 2690 processu
1545 2581 1660 2664 unius
1687 2579 1794 2664 navis
1819 2581 1860 2662 in
1887 2605 1957 2662 es-

546 2735 663 2794 censu
681 2720 719 2795 et
735 2713 919 2796 descensu
945 2711 1088 2822 Rheni,
1112 2741 1201 2798 eum
1228 2714 1469 2799 immunitate
1495 2713 1771 2826 cujuscumque
1796 2713 1958 2798 thelonei

547 2859 586 2932 et
602 2847 870 2933 concessionis.

624 3091 743 3167 (incdit.
752 3109 809 3153 nec
821 3099 974 3154 memorat.
985 3110 1003 3153 n
1013 3092 1275 3172 Wrirdtweiu,qul
1288 3097 1419 3154 caeteras
1431 3097 1531 3153 tumen
1544 3092 1663 3154 chartas
1675 3089 1813 3154 abbatiae
1825 3089 1958 3154 Neobur·

667 3200 766 3279 gensis
788 3199 888 3262 refert.
908 3201 969 3263 Ista
990 3217 1081 3278 mam
1095 3216 1177 3261 nunc
1190 3201 1319 3278 primum
1331 3199 1521 3274 exhibemus,
1535 3201 1679 3278 reperitur
1691 3202 1724 3260 tn
1737 3198 1957 3276 arebiroprue·

665 3306 737 3370 ieet.
751 3307 907 3387 Argentin.
924 3308 1019 3370 Titrcc
1031 3306 1067 3370 dc
1079 3305 1243 3391 Nmbourg,
1258 3315 1288 3370 et
1300 3308 1485 3388 autographa
1498 3323 1676 3388 pergamena
1688 3307 1801 3369 uuthm
1813 3307 1960 3387 legitimae

666 3415 840 3494 suspiclonts
852 3431 972 3478 eausam
985 3417 1128 3496 suggerit.
1140 3415 1278 3496 Stgttturn
1288 3431 1358 3478 cum
1372 3415 1487 3495 laqueis
1497 3415 1634 3478 aruimm
1647 3417 1714 3491 est)

597 3629 779 3704 Heinricus
793 3631 960 3727 septimus
975 3631 1037 3704 Dei
1055 3631 1166 3728 gratia
1181 3632 1415 3705 Romanomm
1431 3651 1508 3724 rex,
1525 3649 1662 3728 semper
1679 3637 1870 3724 augustus,
1890 3647 1964 3701 om·

547 3753 653 3828 nibus
674 3753 738 3830 hos
758 3757 874 3855 apices
897 3757 1161 3854 inspicientibus
1178 3757 1323 3854 gratiam
1342 3778 1442 3832 suam
1460 3765 1495 3831 et
1518 3758 1664 3832 salutem
1684 3754 1721 3828 in
1744 3763 1961 3852 perpetum.

550 3877 813 3956 Universitatem
829 3891 979 3957 vestram
996 3904 1059 3980 pro
1077 3891 1169 3956 certo
1186 3883 1274 3956 scire
1288 3883 1452 3957 volumus
1468 3881 1565 3980 quod
1580 3881 1769 3978 gloriosum
1783 3879 1964 3954 dominum

551 4015 587 4080 ct
610 4015 743 4104 patrem
765 4017 921 4082 nostrum
941 4031 1046 4104 quem
1070 4009 1190 4084 intime
1212 4008 1390 4106 diligimus
1411 4008 1459 4107 (c)
1477 4009 1658 4110 ipsiusque
1680 4006 1852 4083 voluntati
1877 4027 1964 4080 con·

551 4131 681 4204 sentire
703 4131 761 4205 vel
785 4131 927 4206 obedire
957 4135 1164 4230 paratissimi
1193 4155 1326 4208 sumus.
1354 4133 1441 4208 lude
1470 4133 1643 4230 estquod
1676 4131 1865 4228 majestatis
1890 4131 1966 4226 ejus

592 4308 633 4391 (a)
655 4310 982 4392 cmtnrqnannm
992 4311 1119 4391 ncne,
1135 4315 1182 4376 ver
1195 4313 1377 4393 nummi.

590 4604 627 4682 (t)
645 4605 759 4666 Nomina
772 4608 881 4666 ustum
893 4609 969 4667 uncis
980 4608 1085 4667 inclusa
1099 4609 1233 4668 adduntur
1244 4625 1278 4668 ex
1289 4608 1406 4684 quodum
1419 4607 1577 4684 exemptam,
1590 4605 1726 4682 quondam
1746 4617 1831 4680 pm
1852 4599 1965 4661 Grandi.

554 4705 624 4778 dier,
637 4711 666 4762 et
676 4720 693 4762 a
704 4705 852 4765 Bochmero
865 4707 1015 4782 inrogatis
1029 4725 1058 4782 p.
1070 4710 1123 4768 2⁴5
1135 4714 1293 4767 memorato.
