4324 5916
202 617 384 697 lunicr.15.]
653 617 850 681 distorta
875 619 1166 684 protoplaston.

590 919 702 982 ΑΝΝΟ
729 919 828 983 1227.
852 955 892 970 -
911 919 1153 982 subteriora
1180 921 1228 982 15:

682 1177 1130 1208 ..ψ-...η

248 1407 438 1491 Honorius
457 1434 557 1518 papa
583 1408 797 1520 praeposito
820 1419 857 1491 et
879 1409 1033 1492 decanis
1055 1407 1233 1492 ecclesiae
1249 1409 1405 1520 majoris
1422 1419 1459 1493 et
1481 1409 1608 1492 Sancti
1657 1423 1794 1534 ffiffip

196 1541 377 1650 Stephani
394 1545 496 1653 apud
516 1543 752 1656 Maguntiam
769 1543 920 1626 nuntiat
937 1570 977 1626 se
999 1543 1208 1652 providisse
1227 1541 1455 1654 Engelberto
1474 1545 1608 1630 Osna-

194 1673 376 1786 burgensi
395 1676 513 1758 electo
531 1676 599 1786 qui
617 1675 666 1760 ab
685 1676 1011 1760 administratione
1028 1673 1144 1786 hujus
1157 1675 1334 1760 ecclesiae
1352 1675 1475 1760 iuerat
1497 1704 1610 1761 amo

193 1818 271 1912 tae,
283 1811 516 1920 mandatque
530 1819 574 1892 ut
587 1837 700 1920 super
713 1809 895 1894 beneficia
907 1810 1030 1894 eidem
1044 1811 1094 1893 ad
1109 1811 1420 1894 sustentationem
1430 1838 1609 1896 concessa

193 1943 390 2053 episcopos
408 1953 447 2028 et
465 1944 621 2028 abbates
638 1945 701 2028 hic
718 1945 937 2056 designatos
956 1943 1198 2054 compellant.

273 2131 369 2206 (ann
378 2134 602 2209 Wmnrurmr,
613 2134 686 2198 Noc.
701 2131 806 2196 cubil.
822 2131 984 2214 diplomat,
999 2140 1024 2196 t.
1040 2132 1093 2212 tv,
1107 2150 1138 2211 p.
1156 2142 1224 2209 tlt,
1239 2149 1278 2196 ex
1290 2137 1409 2214 chest.
1422 2136 1536 2198 Honor.
1549 2137 1606 2212 111,

315 2241 376 2304 rol.
389 2239 429 2315 V,
444 2243 531 2320 epist.
542 2241 625 2316 ⁴8⁰.)

241 2401 425 2486 Honorius,
436 2412 502 2474 etc.
516 2403 656 2475 Dilectis
667 2400 769 2473 liliis.
787 2457 794 2474 .
812 2457 820 2475 .
836 2403 1011 2497 preposito
1025 2402 1162 2495 majoris
1172 2401 1315 2474 ecclesie
1326 2412 1380 2486 et.
1397 2455 1406 2473 .
1423 2456 1432 2472 .
1449 2403 1605 2495 ejusdem

190 2525 335 2598 ecclesie
353 2535 417 2598 et.
440 2580 450 2597 .
474 2581 483 2598 .
503 2528 617 2600 Sancti
642 2527 804 2624 Stephani
832 2526 973 2601 decanis
998 2527 1209 2622 Maguntinis
1232 2528 1397 2620 salutem,
1422 2537 1486 2603 cto.
1516 2530 1607 2614 Quia

190 2648 375 2744 indignum
395 2660 468 2722 erat
490 2661 529 2722 ut
550 2651 696 2725 dilectus
719 2651 810 2725 lilius
835 2653 872 2724 C.
895 2651 951 2748 (E)
970 2653 1257 2746 Osemburgensis
1275 2653 1404 2726 electus
1424 2656 1604 2729 ecclesias·

191 2774 258 2845 tica
275 2773 474 2869 provisione
492 2787 635 2869 careret,
656 2777 718 2873 qui
739 2777 785 2851 ab
806 2777 1103 2851 administratione
1122 2779 1233 2850 luerat
1255 2778 1399 2850 ecclesie
1417 2779 1603 2852 Osembur·

191 2899 308 2992 gensis
330 2911 467 2974 amotus
485 2901 536 3000 (l)
560 2911 595 2975 et
620 2903 737 2998 aliqua
764 2903 810 2976 ad
833 2903 1115 2977 sustentationem
1137 2925 1236 2976 suam
1255 2900 1423 2976 beneficia
1443 2924 1513 2975 non
1539 2901 1602 2978 ha·

189 3024 311 3119 bebat,
338 3049 418 3099 cum
441 3025 503 3100 diu
523 3027 560 3098 in
587 3029 695 3102 multa
719 3027 912 3102 bumilitate
934 3027 1028 3124 apud
1051 3027 1174 3102 Sedens
1197 3027 1427 3122 Apostolicam
1452 3037 1602 3100 nostram

188 3150 407 3246 implorando
421 3153 565 3246 gratiam
579 3153 781 3249 expectant,
796 3175 859 3226 nos
870 3152 914 3226 de
925 3155 1066 3226 lratrum
1077 3163 1269 3227 nostrorum
1282 3153 1424 3226 consilio
1434 3152 1602 3227 duximus

189 3274 445 3370 providendum
464 3285 503 3348 ut
522 3299 583 3373 por
600 3277 771 3372 quosdam
787 3279 1010 3352 ecclesiarum
1026 3279 1172 3375 prelatos
1190 3300 1231 3352 ac
1247 3287 1461 3353 successores
1480 3301 1600 3354 eorum

189 3421 323 3474 necnon
341 3402 492 3497 capitula
511 3402 734 3497 provideatur
750 3403 884 3495 eidem3
910 3403 1035 3477 nostris
1056 3403 1123 3476 sibi
1147 3405 1269 3478 dantes
1292 3405 1413 3477 litteris
1439 3404 1475 3476 in
1499 3427 1602 3478 man-

188 3527 279 3602 datis
304 3537 344 3601 ut
371 3530 585 3604 venerabiles
607 3531 728 3603 fratres
753 3529 1170 3626 nostriOsemburgensis
1194 3531 1437 3626 episcopusin
1463 3541 1599 3604 centum

187 3655 313 3726 marcis
333 3655 412 3751 puri
433 3656 580 3749 argenti,
602 3655 825 3752 Trajectensis
841 3656 877 3728 in
891 3655 1015 3752 viginti
1032 3656 1204 3752 quinque,
1223 3654 1497 3728 Monasteriensis
1517 3676 1600 3728 vero

188 3781 225 3849 in
246 3779 385 3873 viginti,
410 3789 444 3852 et
460 3781 716 3870 Herveldensis,
735 3779 937 3854 Wcrdensis
955 3790 990 3854 et
1004 3780 1217 3854 corbeiensis
1236 3780 1378 3853 abbates
1397 3780 1433 3852 in
1448 3781 1598 3874 triginta,

188 3903 235 3974 ita
259 3903 356 3998 quod
382 3905 527 3997 quilibet
545 3927 665 3978 eorum
689 3905 725 3976 in
753 3904 873 3978 decem
899 3905 1104 4000 provideant
1130 3906 1327 3997 annuatim,
1356 3905 1540 3978 medietate
1564 3906 1600 3977 in

187 4029 274 4101 testo
290 4029 414 4101 Sancte
425 4029 635 4125 walburgis,
652 4031 786 4126 reliqua
800 4049 884 4103 vcro
901 4030 937 4101 in
952 4029 1039 4103 festo
1055 4030 1170 4103 Sancti
1186 4029 1324 4104 Martini
1341 4029 1441 4102 annis
1455 4029 1600 4123 singulis

223 4283 261 4356 (l)
278 4283 458 4342 Theudoricus
468 4283 686 4341 Monasteriensis
697 4285 839 4358 episcopus
853 4289 880 4341 ct
892 4283 1069 4356 Engelbertus
1080 4282 1293 4355 Osnaburgensis
1305 4281 1417 4353 electus,
1428 4282 1555 4340 Friderici
1566 4281 1599 4340 de

186 4379 316 4455 Isenburg
329 4381 449 4454 germani
462 4382 571 4450 tratres,
588 4381 622 4438 de
636 4397 702 4438 nece
720 4381 914 4455 archiepiscopi
934 4381 1097 4440 (boloniensis
1118 4379 1253 4452 infamati,
1269 4395 1352 4454 quum
1365 4379 1393 4436 in
1406 4379 1519 4438 concilio
1531 4381 1599 4438 Leo·

186 4477 272 4536 diensi
285 4479 311 4552 (3
325 4478 393 4536 lcbr.
410 4479 488 4551 tato)
501 4479 665 4538 sufficienter
678 4495 708 4536 se
721 4496 834 4554 purgare
848 4480 1046 4554 nequivissent,
1062 4496 1077 4536 a
1093 4479 1214 4537 Conrado
1233 4477 1399 4552 spostolicae
1419 4478 1497 4536 Sedis
1514 4478 1600 4552 legato

187 4575 220 4633 ad
233 4591 331 4650 papam
345 4578 493 4635 transmissi
506 4578 623 4636 luerent.
638 4577 756 4648 Quorum
772 4579 846 4652 prior
864 4578 891 4633 in
914 4578 1001 4634 reditu
1022 4577 1209 4634 miserabiliter
1222 4576 1361 4646 occubuit3
1379 4576 1447 4632 alter
1460 4592 1525 4634 vero
1539 4593 1600 4634 san-

187 4674 298 4731 tentiam
312 4673 501 4748 depositionis,
513 4683 545 4732 ut
558 4675 603 4732 bic
616 4676 707 4734 videre
721 4681 780 4745 est,
800 4692 853 4732 non
866 4675 955 4750 potuit
968 4675 1082 4746 evitare,
1104 4675 1164 4731 licet
1177 4689 1238 4731 eurn
1253 4689 1323 4748 papa
1337 4674 1416 4731 tacite
1436 4673 1469 4732 de
1487 4675 1599 4733 crimino

187 4771 319 4832 absoluat.
334 4773 373 4832 Cl.
388 4773 470 4832 crus.
485 4775 637 4832 llnrsrsnu.
653 4789 698 4849 ap.
711 4773 862 4848 mansa,
876 4774 988 4846 sonos,
1002 4775 1043 4845 ll,
1058 4773 1110 4834 ³27
1118 4792 1125 4847 ;
1140 4775 1258 4831 Rsrusn.
1269 4773 1364 4844 Leon,
1380 4772 1464 4844 ibid,
1475 4777 1535 4832 387.
