4326 5910
1056 617 1227 682 llllltllllcl
1252 617 1420 682 enatant
1754 615 1835 694 [du.
1854 615 1941 678 tm.

579 1175 784 1288 Hearicus,
802 1179 1063 1266 Romanorum
1090 1205 1176 1290 rex,
1202 1179 1410 1266 Haurioum
1443 1178 1684 1264 abbatemet
1714 1193 1942 1264 conventum

527 1311 839 1398 Gemblacensem
857 1341 947 1399 enm
964 1315 1145 1400 omnibus
1162 1315 1279 1429 hujus
1297 1315 1475 1400 eeclesiae
1492 1315 1603 1399 bonis
1621 1315 1659 1396 iu
1684 1341 1756 1398 sua
1783 1325 1942 1426 protec-

525 1447 628 1530 tione
652 1447 830 1558 suscipit,
861 1449 992 1560 eisque
1017 1444 1278 1536 immunitates
1305 1459 1343 1536 et
1368 1449 1566 1562 privilegia
1596 1449 1738 1534 ibidem
1765 1477 1944 1560 expressa

525 1580 739 1666 confirmat.

606 1808 705 1890 (aare
724 1811 884 1886 Forrrna,
909 1807 1060 1892 svpptea
1083 1809 1126 1873 od
1144 1828 1233 1892 oport
1250 1808 1403 1892 diplom.
1423 1807 1498 1873 dab
1518 1811 1642 1885 Haud,
1656 1815 1679 1874 t.
1695 1809 1749 1890 tv,
1764 1828 1796 1890 p.
1812 1819 1887 1885 tta,
1902 1827 1939 1872 ex

642 1917 820 1980 chartulario
833 1918 934 1981 abbat.
945 1917 1109 1999 Gemblae,
1122 1919 1203 1998 qnod
1216 1919 1296 1998 apud
1309 1919 1464 1982 Bruxellas
1477 1919 1685 1998 inspeximus.)

571 2129 610 2202 ln
636 2131 777 2206 nomine
803 2141 922 2208 sancte
944 2141 979 2206 et
1003 2131 1188 2206 individuo
1212 2131 1399 2208 Trinitatis.
1417 2130 1664 2206 ilenricns‘ltei
1683 2129 1794 2228 gratia
1809 2130 1940 2202 Roma-

523 2275 647 2328 norum
664 2279 752 2344 rex,
772 2278 908 2354 semper
927 2266 1109 2354 augustos.
1131 2257 1190 2332 Pie
1215 2257 1401 2356 postulatio
1423 2256 1613 2330 volontatis
1630 2256 1754 2333 ellectu
1777 2255 1942 2351 competit

523 2399 678 2474 congruo
701 2391 930 2478 prosequente
950 2383 1137 2477 compleri,
1162 2391 1335 2478 quatenus
1357 2393 1393 2456 et
1420 2380 1533 2458 fidelis
1557 2381 1701 2454 intentio
1722 2379 1940 2454 laudabiliter

524 2503 696 2578 elucescat
721 2515 756 2580 et
782 2503 1130 2613 utilitasvdesiderata
1158 2507 1304 2604 dignum
1331 2505 1505 2582 desiderio
1533 2507 1647 2604 capiat
1673 2507 1936 2580 incrementum.

379 2735 382 2742 Ι
522 2627 571 2700 tta
588 2616 729 2726 propter
749 2639 819 2703 tam
844 2630 969 2704 tuturis
990 2655 1096 2726 qnam
1116 2631 1334 2730 presentibus
1356 2631 1480 2708 Christi
1499 2631 1662 2706 fidelibus
1683 2632 1844 2704 volumus
1864 2651 1940 2704 essa

523 2755 699 2848 cognitum
718 2756 814 2852 quod
832 2777 896 2830 nos
913 2754 1117 2832 dilectorum
1135 2757 1272 2832 llenriei
1295 2756 1432 2832 abbatis
1452 2765 1487 2831 et
1504 2765 1697 2831 conventus
1714 2755 1859 2829 ecclesie
1876 2776 1939 2828 sue

522 2877 778 2956 Gemblacensis
797 2881 958 2980 precibus
977 2878 1152 2981 inclinati,
1177 2878 1459 2957 Gemblacensem
1478 2883 1657 2957 ecclesiam
1676 2903 1757 2954 oum
1779 2879 1940 2953 omnibus

523 3006 625 3080 bonis
641 3005 814 3105 adipeam
832 3007 1084 3105 pertinentibus
1104 3009 1141 3081 in
1162 3009 1292 3104 regiam
1313 3009 1559 3106 protectionem
1578 3007 1788 3104 suscipimus
1802 3017 1837 3080 et
1855 3027 1941 3101 pre·

524 3133 611 3205 senti
625 3133 808 3228 privilegio
824 3135 1091 3208 communimus.
1106 3134 1290 3231 Privilegia
1308 3158 1329 3211 a
1346 3135 1470 3208 nostris
1483 3131 1784 3232 predecessoribus
1799 3129 1941 3226 regibus

524 3265 560 3330 et
574 3257 839 3353 imperatoribus
857 3259 971 3334 eidem
988 3261 1235 3336 rationabiliter
1249 3261 1373 3336 collata
1387 3260 1532 3336 cenobio
1548 3257 1794 3333 innovavimus
1809 3265 1845 3330 et
1857 3277 1940 3330 oon-

523 3379 759 3476 firmavimus;
779 3385 985 3460 authoritate
1011 3387 1106 3483 regia
1124 3396 1313 3460 statuentes
1333 3397 1371 3458 nt
1392 3387 1438 3460 ab
1464 3387 1558 3460 omni
1573 3386 1653 3480 juro
1673 3393 1708 3458 et
1726 3381 1940 3480 subjectione

523 3506 688 3579 secularis
715 3507 859 3581 dominii
884 3509 999 3608 ipsum
1025 3511 1272 3585 monasterium
1291 3511 1428 3607 penitus
1450 3507 1521 3610 [sit]
1539 3509 1756 3600 absolutum,
1775 3517 1810 3580 et
1827 3506 1940 3582 liber-

523 3627 603 3704 tatis
630 3633 882 3728 prerogativam
908 3636 1058 3734 presenti
1087 3635 1271 3734 privilegio
1293 3635 1447 3710 obtineat
1473 3633 1509 3708 in
1538 3644 1747 3732 perpetuum
1773 3631 1936 3706 valituro.

521 3755 739 3832 Advocatum
757 3782 898 3856 quoque
918 3759 985 3834 snb
1010 3784 1117 3836 manu
1142 3784 1184 3836 ao
1207 3771 1374 3858 potestate
1400 3762 1496 3857 regia
1514 3762 1573 3834 tali
1590 3759 1790 3834 conditione
1811 3758 1940 3832 babeat

522 3891 562 3955 ut
581 3883 674 3956 idem
695 3884 886 3959 advocatus
907 3909 928 3959 a
949 3909 1032 3982 rege
1055 3888 1230 3960 secundus
1250 3887 1405 3961 existens
1428 3909 1537 3958 unum
1560 3895 1693 3958 tantum
1712 3883 1778 3956 sibi
1802 3881 1938 3954 substi-

522 4017 597 4083 tuat
612 4010 648 4082 in
667 4011 823 4105 ejusdem
845 4011 990 4086 ecclesie
1013 4013 1143 4110 prediis
1160 4013 1388 4106 advocatum,
1411 4035 1524 4110 neque
1545 4031 1700 4111 unquam
1721 4009 1756 4080 in
1779 4017 1939 4104 quartam

521 4158 664 4210 manum
688 4145 838 4212 transeat
867 4137 1061 4214 advocatia.
1091 4143 1194 4216 Porro
1224 4139 1483 4216 subadvocatus
1511 4137 1547 4211 in
1575 4136 1667 4210 villis
1689 4133 1737 4208 ad
1763 4133 1940 4208 maana

521 4261 772 4356 pertinentibus
789 4262 895 4338 nichil
911 4264 999 4357 J'uris
1015 4265 1155 4353 babeat,
1173 4265 1241 4338 nisi
1259 4287 1321 4362 por
1335 4265 1491 4359 singulos
1508 4283 1617 4335 annos
1631 4258 1813 4334 denarium
1828 4279 1940 4330 unum

522 4385 665 4481 probate
687 4388 887 4463 menstede
905 4410 1116 4485 unaquaque
1135 4387 1240 4464 domo
1263 4399 1298 4463 et
1320 4389 1484 4485 gallinam
1507 4409 1612 4459 unam
1637 4395 1673 4458 et
1690 4403 1803 4457 avone
1820 4389 1939 4456 sexta·

521 4509 612 4582 mum
627 4533 750 4584 unum.
770 4514 841 4586 Nec
857 4514 974 4587 licebit
986 4515 1019 4588 ei
1040 4515 1225 4610 precarias,
1244 4515 1492 4612 hospitationes
1506 4523 1566 4586 aut
1580 4510 1725 4586 obsonia
1741 4509 1799 4581 vel
1820 4508 1940 4602 aliqua

523 4635 663 4708 servitia
681 4637 849 4734 imperare
867 4647 927 4712 aut
944 4637 1104 4734 exigere,
1127 4663 1191 4714 nec
1210 4641 1328 4736 aliquo
1344 4639 1537 4738 imperandi
1555 4657 1682 4734 genere
1699 4635 1839 4708 colonos
1855 4655 1938 4706 mo-

524 4761 664 4835 nasterii
688 4761 797 4859 ipsius
818 4785 956 4839 vexare.
982 4763 1222 4840 Concessimus
1238 4766 1342 4840 etiam
1364 4775 1405 4840 ut
1421 4775 1499 4863 post
1517 4764 1651 4839 obitum
1670 4757 1807 4835 llenrioi
1826 4779 1939 4832 vene-
