4330 5914
172 632 271 694 lsmcr.
287 629 334 708 9.]
625 624 823 686 HISTORIA
849 623 1141 685 otruottartca

229 1191 430 1296 HenricuS,
442 1191 705 1276 Romanorum
718 1216 801 1294 rex,
812 1189 1001 1274 Friderico
1019 1189 1278 1274 Romanorum
1292 1191 1510 1301 imperatori
1523 1221 1592 1304 pa-

173 1325 223 1407 tri
252 1350 323 1408 suo
345 1334 481 1408 notum
499 1323 590 1408 facit
611 1325 715 1434 quod
744 1323 961 1406 Conradum
990 1323 1339 1408 hildensemensem
1366 1325 1593 1412 electumet

43 1493 46 1502 ·
174 1455 225 1538 ab
244 1456 527 1566 archiepiscopo
540 1457 844 1566 [Magantinensi]
862 1457 1129 1540 confirmatum
1143 1458 1336 1568 regalibus
1354 1459 1592 1569 episcopatus

173 1589 498 1674 hildensemensis
517 1585 726 1694 investivit,
747 1600 934 1700 rogatque
951 1601 994 1674 ut
1014 1591 1131 1674 mem
1148 1592 1411 1677 investituram
1429 1595 1594 1678 auctori-

177 1731 253 1806 tate
269 1723 457 1832 imperiali
474 1723 701 1808 confirmare
718 1724 911 1834 dignetur.

260 1936 389 2016 (lldlder.
412 1938 597 2014 scutum,
628 1935 758 2000 iliadem.
776 1935 879 2018 turea,
895 1945 920 2000 t.
944 1939 974 2014 l,
999 1955 1027 2016 p.
1052 1947 1121 2002 192.
1135 1939 1322 2032 fiscum,
1348 1939 1461 2023 origia
1483 1938 1590 2022 Gcalf„

297 2049 322 2107 t.
336 2045 399 2118 ΙΙΙ,
413 2062 445 2124 p.
459 2043 544 2125 680.)

226 2231 412 2307 Carissimo
437 2233 583 2328 genitori
611 2255 676 2308 suo
698 2255 741 2308 ac
762 2234 902 2308 domino
926 2232 1111 2329 magnifico
1138 2235 1369 2308 Romanorum
1397 2235 1592 2332 imperatori

176 2357 353 2430 Friden‘co
368 2359 937 2454 semperaugusto‚llonricus1lei
953 2360 1061 2455 gratia
1075 2369 1110 2432 et
1122 2383 1187 2434 sua
1200 2361 1432 2434 Romanorum
1446 2383 1510 2435 rex
1523 2358 1553 2458 (t
1562 2360 1590 2460 ),

175 2503 315 2577 semper
341 2491 531 2578 augustus,
561 2501 643 2558 cum
675 2482 771 2558 lilioli
797 2485 982 2560 dilectione
1006 2485 1159 2560 debitam
1185 2485 1222 2558 in
1246 2485 1409 2560 omuibus
1432 2507 1595 2562 reveran-

175 2605 274 2680 tiam.
293 2605 473 2684 accedeus
485 2608 532 2684 ad
548 2609 756 2708 presentiam
774 2619 925 2684 nostram
940 2609 1087 2684 dilectus
1105 2611 1266 2707 princeps
1284 2621 1400 2686 nostm
1414 2612 1593 2688 Conradus

174 2732 326 2824 electus,
343 2757 365 2808 a
387 2745 503 2810 nostra
520 2735 704 2808 serenitate
724 2735 893 2829 regalium
912 2736 1132 2833 episcopatus
1150 2733 1455 2810 hildesheimensis
1476 2739 1593 2812 iuves·

177 2859 319 2930 tituram
346 2858 540 2934 secundum
562 2859 847 2934 consuetudinem
866 2870 900 2934 et
921 2861 1090 2952 justitiam
1110 2861 1245 2956 imperii
1265 2862 1388 2956 petivit
1410 2863 1588 2938 instanter.

175 2984 376 3080 Propositus
395 2986 499 3059 etiam
518 2996 554 3059 et
574 2986 728 3060 decanus
750 2996 785 3060 et
806 2987 997 3082 capitulum
1018 2986 1311 3060 hildesheimense
1328 3011 1389 3083 per
1411 2989 1540 3064 litteras
1557 3002 1592 3064 et

175 3110 319 3182 nuntios
336 3131 418 3183 snos
431 3109 498 3183 boo
509 3110 542 3183 ei
556 3109 631 3184 fieri
644 3133 666 3184 a
680 3111 781 3184 nobis
798 3109 1020 3184 devotissime
1039 3110 1270 3205 postulabant,
1286 3132 1328 3184 eo
1339 3114 1435 3206 quod
1448 3111 1494 3185 ab
1507 3114 1592 3209 ipsis

174 3235 393 3310 concorditer
411 3245 447 3309 et
468 3237 632 3310 canonice
650 3237 773 3310 luisset
794 3237 925 3310 electus
946 3245 982 3309 et
1005 3237 1050 3310 ab
1074 3236 1332 3332 archiepiscopo
1353 3259 1418 3311 suo
1442 3239 1593 3334 legitime

174 3359 413 3456 confirmatus,
434 3363 525 3436 sicut
541 3363 653 3436 littore
665 3363 777 3459 ipsius
790 3361 836 3436 ad
854 3384 917 3436 nos
937 3383 1043 3460 super
1060 3362 1126 3436 boc
1143 3364 1341 3436 transmisse
1364 3365 1588 3440 testabantur.

174 3487 246 3558 Nos
262 3485 370 3580 igitur
392 3486 594 3562 dilectorum
613 3487 809 3584 principum
831 3489 893 3584 qui
916 3489 1006 3564 circa
1024 3509 1088 3562 uos
1104 3497 1202 3562 erant
1222 3497 1257 3562 et
1273 3511 1391 3562 eorum
1411 3490 1472 3585 qui
1488 3512 1594 3586 super

175 3611 243 3684 boc
274 3612 377 3686 nobis
406 3613 555 3688 seribere
579 3623 805 3706 curaverunt,
834 3613 1029 3708 bloguntini
1057 3623 1092 3688 et
1123 3613 1334 3688 Trevireusis
1364 3615 1593 3712 archiepisco·

174 3759 317 3832 porum,
331 3739 503 3835 Spirensis
519 3739 706 3835 imperialis
720 3741 799 3814 aule
813 3740 1022 3832 cancellarii,
1037 3741 1305 3836 Herhipolensis‚
1321 3741 1592 3839 Ratisponeusis,

174 3863 378 3938 Basiliensis
400 3865 663 3962 episcoporum,
683 3867 917 3940 Morbaoensis
937 3876 972 3940 et
986 3867 1285 3960 wirzeburgensis
1300 3865 1464 3940 abbatum
1481 3878 1516 3942 et
1532 3869 1594 3942 di-

174 3989 255 4061 lecti
278 3990 385 4062 nostri
407 3991 657 4085 consanguinei
674 3991 809 4064 Haurici
829 3990 930 4065 ducis
946 3992 1097 4065 Saxome
1117 4001 1152 4066 et
1170 3993 1356 4064 multorum
1374 3992 1541 4064 nobilium
1560 4004 1595 4066 et

174 4115 324 4188 aliorum
338 4114 494 4189 fidelium
509 4124 702 4190 nostrorum
714 4117 856 4190 consilia
865 4117 988 4211 secuti,
998 4118 1214 4192 attendentes
1225 4117 1472 4192 nichilominus
1484 4117 1595 4215 ipsius

174 4239 276 4312 electi
290 4237 511 4314 devotionem
525 4263 607 4336 erga
623 4250 774 4315 vestram
787 4242 1077 4337 magnificentiam
1092 4253 1127 4316 et
1140 4265 1301 4338 maguam
1320 4244 1365 4317 de
1381 4253 1496 4317 vestm
1511 4266 1593 4340 erga

173 4387 213 4438 se
232 4365 355 4439 lavore
371 4365 553 4461 fiduciam,
573 4367 664 4440 sicut
683 4366 870 4442 debuimus
886 4377 921 4442 et
938 4368 1107 4444 sententia
1124 4367 1169 4441 de
1187 4369 1253 4442 hoc
1269 4369 1404 4464 quesita
1425 4368 1591 4462 dictabat,

213 4673 251 4750 (4)
270 4673 426 4733 Notandum
445 4677 518 4750 quod
532 4677 560 4734 in
574 4677 625 4736 boc
637 4677 798 4738 documento
811 4679 943 4737 Hauricua
959 4695 1014 4739 nou
1032 4685 1063 4738 ut
1081 4679 1157 4752 prius
1169 4695 1219 4738 ram
1231 4681 1411 4739 llonmaorum
1423 4679 1532 4752 abatur,
1545 4681 1593 4738 scd

174 4771 334 4847 simpliciter
346 4789 398 4832 rea
409 4775 595 4833 bononorum
612 4791 642 4834 aa
656 4777 744 4852 ipsum
758 4777 885 4836 intitulat.
