4324 5916
193 612 374 699 lrtntco15.]
646 611 843 673 HISTORIA
869 611 1161 674 tttPtottttt'tclt.
1547 609 1607 672 893

194 753 296 828 aliud
314 751 463 824 restabat
484 747 551 820 nisi
572 746 670 840 quod
685 757 804 819 contra
823 745 934 820 dictos
953 747 1044 818 cives
1062 745 1318 841 dampnationis
1339 747 1508 818 sententia
1529 768 1609 840 per·

195 881 364 964 ferretur3
384 873 479 948 etad
499 871 696 944 instantiam
713 881 861 947 uestram
879 881 913 944 et
930 871 1126 967 principum
1141 880 1176 943 et
1193 870 1340 944 aliorum
1355 869 1523 942 nobilium
1540 869 1610 942 im-

195 1003 283 1099 perii
308 999 527 1074 sustinuisset
548 997 641 1072 idem
660 997 843 1092 episcopus
863 997 960 1092 quod
977 997 1102 1069 taliset
1126 1005 1197 1068 tam
1214 1016 1335 1068 severa
1356 997 1526 1068 sententia
1538 996 1609 1068 dil-

195 1127 345 1198 ferretur
360 1121 439 1196 leni
460 1128 577 1193 contra
591 1121 702 1216 ipsos,
724 1131 764 1192 ut
776 1119 912 1193 videret
933 1120 963 1192 si
981 1122 1068 1194 forte
1086 1120 1131 1192 ad
1149 1119 1416 1192 satisfactionem
1434 1119 1606 1210 redirent;

194 1249 337 1322 obtento
359 1245 456 1341 prius
476 1265 539 1340 per
556 1244 729 1335 judicium
752 1243 947 1340 principum
968 1244 1064 1338 quod
1082 1244 1201 1316 dilatio
1219 1243 1514 1340 pronunciationis
1531 1245 1609 1316 talis

198 1371 367 1444 sententie
384 1367 429 1441 de
450 1370 529 1462 jure
547 1368 644 1440 curie
662 1375 777 1440 nostre
799 1367 872 1440 fieri
892 1377 1025 1462 poterat
1042 1390 1106 1440 nec
1127 1369 1236 1439 ullum
1259 1368 1352 1441 dioto
1373 1368 1535 1462 episeopo
1552 1368 1609 1440 vel

197 1491 388 1564 successori
417 1511 482 1564 suc
508 1489 738 1586 prejudicium
763 1491 967 1584 generabat,
990 1490 1074 1584 quia
1094 1489 1141 1563 ad
1166 1490 1233 1562 boc
1255 1511 1393 1563 eramus
1418 1493 1610 1586 specialiter

197 1615 327 1688 astricti
346 1614 443 1710 quod
466 1615 669 1688 sententiam
686 1614 810 1710 ipsam,
829 1614 1120 1710 quandocumque
1137 1615 1183 1688 ab
1195 1615 1271 1710 ipso
1283 1617 1445 1712 episcopo
1458 1617 1514 1689 vel
1528 1637 1609 1688 suc·

199 1739 393 1814 caesoribus
413 1740 487 1811 suis
506 1739 564 1812 vel
582 1759 702 1810 eorum
721 1747 814 1810 cerlo
838 1737 961 1810 nuntio
978 1759 1133 1812 essemus
1152 1739 1326 1832 requisiti,
1341 1741 1491 1835 perferre
1509 1749 1609 1814 teue-

199 1885 330 1954 remur,
350 1864 446 1936 nulla
468 1862 536 1934 alia
551 1861 753 1957 probatione
766 1861 811 1934 eb
825 1861 877 1934 eis
894 1863 1060 1956 requisita
1077 1864 1152 1935 eive
1172 1872 1327 1959 recepta,
1348 1863 1501 1958 dictique
1514 1865 1609 1938 cives

199 1987 305 2059 nichil
323 2008 344 2059 a
359 1987 460 2060 nobis
473 1987 654 2082 impetrate
668 1994 807 2082 possent
828 1985 1016 2080 quominus
1030 1987 1122 2060 dicta
1139 1987 1307 2060 mutentia
1328 1987 1552 2082 perferretur,
1573 1997 1609 2062 et

200 2109 246 2183 de
271 2109 327 2182 bis
345 2112 497 2206 prelatus
521 2111 704 2206 episcopus
720 2109 850 2183 litteras
871 2119 1005 2183 nostrus
1025 2119 1178 2206 patentes
1202 2131 1317 2184 coram
1336 2110 1436 2184 nobis
1460 2121 1494 2184 et
1512 2113 1607 2208 prin-

58 2275 60 2280 ·
199 2235 339 2329 cipibus
365 2234 490 2310 nostris
508 2233 737 2326 exhibuisset,
755 2255 820 2307 uos
837 2233 883 2306 de
900 2253 1042 2308 assensu
1067 2232 1151 2306 dicti
1175 2233 1328 2328 episcopi
1355 2245 1391 2306 et
1412 2235 1607 2332 principum

201 2366 394 2430 nostrorum
414 2357 591 2446 instantia,
604 2355 766 2450 personis
784 2355 954 2428 dictorum
972 2355 1101 2428 civium
1122 2356 1224 2428 talem
1250 2357 1395 2448 gratiam
1411 2358 1606 2432 misericor·

201 2479 291 2553 diter
308 2479 477 2552 duximus
499 2477 694 2552 taciendam
712 2500 757 2553 ne
773 2479 851 2552 talis
866 2490 901 2552 et
920 2487 991 2551 tum
1008 2500 1129 2552 severa
1152 2481 1322 2552 sententia
1342 2481 1548 2576 perterretur
1563 2483 1610 2556 ad

201 2625 343 2700 presens
373 2612 493 2676 oontru
514 2603 606 2699 ipsos
631 2624 745 2698 usque
764 2603 816 2676 ad'
836 2601 1002 2699 sepedicti
1024 2602 1177 2697 episcopi
1200 2604 1426 2677 voluntatem.
1450 2605 1506 2677 Ex
1531 2629 1611 2680 sen-

201 2727 307 2801 tentia
340 2727 537 2823 principum
566 2735 760 2801 nostrornm
793 2747 835 2804 ac
864 2725 1010 2800 aliorum
1033 2725 1202 2798 nobilium
1224 2725 1378 2821 imperii,
1401 2728 1610 2804 diffinientes

202 2851 385 2947 privilegia
409 2851 486 2924 sive
509 2851 636 2946 scripta
660 2851 813 2926 omniaa
829 2850 929 2924 nobis
950 2851 1009 2922 vel
1030 2849 1305 2924 antecessoribus
1326 2852 1450 2924 nostris
1469 2855 1611 2948 regibus

201 2975 259 3048 vel
281 2975 545 3072 imperatoribus
571 2976 751 3068 Romanis,
772 2985 842 3048 mm
865 2974 987 3048 adive
1010 2974 1174 3047 memorie
1194 2995 1324 3070 proavo
1350 2985 1466 3050 nostro
1489 2978 1610 3051 Fride·

201 3098 275 3172 rico
294 3101 524 3173 Romanorum
543 3100 747 3195 imperatore
764 3119 908 3194 quama
931 3099 1064 3191 llogero
1082 3097 1259 3192 quondam
1277 3097 1512 3174 Cameracensi
1533 3103 1609 3197 epi·

201 3241 307 3316 scopo
326 3245 432 3317 quam
451 3224 497 3296 ab
518 3224 595 3296 aliie
615 3246 638 3295 a
660 3223 761 3298 dictis
783 3223 920 3295 civibus
942 3223 1099 3312 obtenta,
1119 3245 1217 3296 cassa
1243 3222 1290 3296 de
1309 3231 1422 3297 cetero
1443 3234 1479 3298 et
1495 3227 1611 3301 inania

200 3345 368 3441 reputari,
387 3347 577 3442 privilegiis
592 3349 667 3420 sive
687 3347 824 3443 scriptis
842 3347 1021 3420 memorati
1038 3347 1191 3442 episcopi
1207 3355 1242 3420 et
1259 3348 1403 3422 ecclesie
1418 3371 1482 3422 sue
1496 3350 1531 3422 in
1546 3372 1611 3425 suo

201 3467 326 3542 robore
340 3479 508 3565 perpetuo
528 3471 718 3563 duraturis,
739 3469 829 3543 siem
850 3469 887 3542 in
905 3469 982 3542 aliis
999 3469 1235 3566 solempnibus
1254 3471 1360 3542 curiis
1373 3479 1444 3542 tam
1460 3473 1613 3547 serenis-

202 3591 283 3664 simi
301 3593 465 3688 geuitoris
482 3592 588 3668 nostri
610 3617 716 3690 quam
737 3595 882 3668 aliorum
901 3594 1132 3667 Romanorum
1151 3593 1396 3689 imperatorum
1413 3615 1476 3668 seu
1491 3619 1612 3692 regum

203 3715 292 3788 alias
313 3715 427 3789 extitit
446 3717 640 3811 judicatum
665 3727 701 3791 et
727 3718 845 3814 sepius
869 3718 1094 3790 declaratum.
1122 3717 1194 3790 ttoc
1220 3717 1383 3811 adjuncto
1407 3719 1503 3814 qnod
1530 3721 1613 3795 dicti

202 3839 296 3912 cives
318 3840 434 3913 omnia
451 3861 516 3915 sna
532 3841 714 3937 privilegia
735 3841 810 3914 sive
831 3841 958 3938 scripta
981 3841 1129 3914 reddere
1144 3849 1302 3914 tenentur
1324 3841 1417 3914 dicto
1434 3843 1609 3940 episcopo.

201 3961 246 4034 Et
271 3963 301 4035 si
330 3985 400 4058 qua
425 3967 512 4038 forte
530 3966 597 4038 aliu
621 3965 747 4062 scripta
773 3987 843 4060 qne
864 3987 935 4040 uon
953 3967 1023 4039 siut
1040 3964 1176 4039 reddita
1199 3987 1261 4039 seu
1286 3987 1348 4061 per
1369 3967 1612 4062 negligentiam

203 4103 266 4158 seu
288 4107 352 4182 per
365 4087 575 4162 oblivionem
593 4089 834 4180 inveniantur,
853 4110 895 4162 ea
912 4090 1051 4185 penitus
1067 4111 1164 4162 cassa
1182 4097 1219 4162 et
1240 4089 1358 4163 inania
1374 4092 1527 4186 reputari
1552 4111 1615 4186 per

204 4219 399 4284 nostrorum
432 4215 636 4288 seutentiam
666 4213 863 4310 principum
895 4211 1197 4305 adjudicavimus,
1229 4213 1473 4287 sententialiter
1507 4215 1613 4287 etiam

205 4331 409 4409 diffiniendo
426 4337 521 4432 quod
546 4358 712 4432 campana
731 4337 806 4410 sive
829 4356 998 4432 campane
1018 4343 1054 4407 et
1074 4333 1264 4430 campanile
1280 4335 1377 4429 quod
1398 4336 1545 4410 Berlrois
1557 4337 1611 4434 (l)

203 4453 332 4530 dicitur
348 4467 383 4532 et
403 4461 599 4534 communia
620 4483 724 4556 qnam
744 4481 864 4557 pacem
885 4459 1063 4533 nominant
1080 4459 1136 4532 vel
1155 4479 1375 4554 quocumque
1392 4460 1459 4534 alio
1474 4461 1614 4536 nomine

242 4719 280 4793 tt)
302 4719 375 4780 Alias
387 4722 529 4796 diatreta,
543 4739 616 4782 nunc
628 4723 722 4797 gallice
733 4721 842 4797 bellem,
853 4738 887 4782 ex
899 4721 1052 4797 germanica
1064 4735 1131 4780 voce
1144 4717 1286 4794 tectam
