4324 5916
203 601 302 667 lirnrcr.
321 605 383 682 le]
650 601 850 664 lllS'l'OlliA
870 599 1164 663 nrrnotlllrlce
1551 599 1612 663 885

202 739 439 813 adhibuimus.
461 738 615 834 ipsorum
638 737 739 810 etiam
760 737 921 810 subnixis
944 738 1233 832 postulationibus
1250 733 1389 809 firmum
1412 745 1446 809 et
1465 736 1611 811 inviola-

203 865 272 937 bile
297 873 463 938 statutum
479 861 679 936 auctoritate
697 861 791 956 regie
812 872 847 933 et
869 862 975 934 nostri
998 862 1102 955 sigilli
1126 859 1319 934 munimine
1339 861 1611 956 corroboramus,

202 1000 242 1062 nt
256 988 422 1082 jamdiote
440 986 586 1060 ecclesie
609 985 774 1080 protectio
797 984 874 1056 sive
902 983 1056 1058 delensio
1084 987 1180 1059 nulla
1200 983 1300 1059 cesus
1320 985 1501 1077 verietate,
1520 987 1614 1060 nulla

203 1127 319 1187 rerum
332 1111 572 1202 mutabilitate,
593 1111 638 1183 ab
655 1110 857 1183 auctoritate
873 1109 1041 1205 imperiali
1055 1111 1163 1184 sivea
1181 1111 1274 1205 regie
1291 1110 1494 1184 excellentia
1510 1109 1616 1205 possit

202 1237 359 1311 alienari.
375 1237 420 1310 Ut
434 1235 540 1330 igitur
553 1234 617 1307 bec
632 1244 705 1306 rata
719 1243 754 1306 et
765 1233 1059 1307 incommutabilia
1075 1244 1310 1330 permaneant,
1328 1244 1517 1331 presentem
1533 1234 1616 1309 inde

203 1362 367 1458 paginam
382 1359 487 1432 scribi
503 1368 538 1432 et
555 1357 668 1452 sigillo
685 1367 802 1430 nostro
813 1359 981 1450 jussimus
1001 1359 1219 1451 communiri,
1236 1359 1424 1454 regalique
1439 1361 1616 1455 fungimur

203 1486 405 1560 anctoritate
425 1492 613 1556 statuentes
635 1493 675 1553 ut
695 1481 908 1578 quicumque
927 1483 1009 1555 buic
1032 1494 1148 1556 nostre
1170 1485 1377 1558 ordinationi
1396 1484 1538 1558 obviare
1561 1494 1613 1556 at·

205 1609 441 1706 temptaverit,
465 1609 596 1701 regiam
621 1607 860 1680 excellentiam
882 1629 921 1680 se
940 1609 1075 1681 noverit
1100 1609 1286 1682 offendisse
1311 1619 1346 1682 et
1368 1609 1487 1682 decem
1511 1609 1616 1682 libres

203 1736 281 1810 euri
304 1757 366 1830 pro
390 1731 621 1807 satisfactione
646 1731 934 1828 compositurnm,
956 1732 1120 1806 dimidies
1140 1733 1258 1826 nobie,
1285 1733 1434 1828 reliqum
1455 1734 1615 1828 injuriam

203 1860 327 1957 passis.

255 1983 366 2076 liujus
381 1983 461 2056 lacti
475 1990 579 2055 testes
596 1989 678 2054 sunt
691 1979 840 2054 Silridus
854 1979 1037 2078 episcopus
1052 1979 1294 2077 Angustensis,
1311 1981 1525 2056 Lndowicus
1539 1982 1615 2057 dux

203 2109 375 2200 Bawarie,
395 2109 626 2180 Hartmennns
645 2127 760 2179 comes
777 2105 823 2179 de
837 2105 1011 2200 llilingen,
1032 2107 1195 2182 Albertus
1212 2127 1327 2180 comes
1348 2105 1393 2180 de
1409 2109 1612 2204 llotinbnrg,

204 2232 410 2307 Bartholdus
425 2253 540 2305 comes
560 2230 606 2304 de
626 2233 732 2323 Sultz,
758 2230 894 2304 Ulricns
913 2251 1029 2304 comes
1048 2232 1094 2304 de
1110 2229 1330 2322 Helfinstein,
1350 2231 1530 2304 Heinricns
1548 2255 1615 2306 no-

203 2358 285 2431 bilis
308 2357 364 2429 vir
389 2355 435 2429 de
455 2355 579 2445 Nillen,
604 2354 824 2429 Eberhardns
841 2355 1029 2452 imperialis
1055 2357 1135 2430 aule
1162 2356 1309 2452 dapifer,
1333 2356 1553 2433 Eberhardns
1581 2369 1616 2433 et

203 2481 383 2557 conradus
400 2483 521 2554 fratres
542 2477 587 2554 de
609 2480 866 2553 Winterstetten
886 2480 1075 2575 imperialis
1090 2481 1169 2556 aule
1187 2480 1366 2576 pincerne,
1386 2481 1615 2576 llarquerdns

203 2617 238 2682 et
253 2607 431 2680 Rnckerns
447 2605 493 2678 dc
511 2603 722 2697 Bembuaen,
743 2605 939 2678 Weltberns
952 2605 1107 2678 minister
1122 2606 1158 2676 in
1175 2607 1286 2678 Ulma.

254 2734 377 2804 Datum
403 2752 494 2804 anno
518 2729 764 2804 incarnationis
785 2729 959 2803 dominice
984 2729 1168 2802 millesimo
1188 2728 1425 2804 ducentesimo
1447 2729 1617 2824 vigesimo

204 2868 318 2949 sexto,
340 2855 377 2928 in
393 2855 610 2949 llzzelingen,
635 2865 734 2928 sexto
758 2853 924 2927 kalendas
939 2853 1101 2926 octobris.

257 3499 461 3616 ilenricus,
488 3497 749 3582 llomenorum
779 3520 866 3601 rex,
895 3495 1130 3606 recognoscit
1162 3495 1369 3581 Gcrechino
1398 3497 1447 3581 de
1475 3497 1618 3611 Sintzig
1641 3540 1822 3599 spamam.

198 3633 265 3744 1¹1⁸
286 3642 511 3743 Pllfflssfllllss
537 3631 577 3711 in
601 3627 840 3740 Kdnigsfeld,
868 3628 942 3710 hac
973 3629 1187 3714 conditione
1218 3639 1262 3712 nt
1291 3630 1449 3713 clericus
1477 3632 1517 3714 in
1544 3631 1617 3718 bac
1668 3597 1795 3643 '‘mm''

201 3766 295 3851 villa
311 3775 349 3850 et
366 3765 406 3846 in
425 3763 570 3874 capella
587 3763 699 3845 castri
714 3762 921 3872 imperialis
936 3762 1155 3846 Lendscron
1173 3761 1287 3847 faciet
1303 3757 1559 3848 residentiam.

286 4009 381 4090 (Edld.
391 4009 505 4082 Tnoss,
523 4003 715 4088 Wartpltclic,
731 4007 818 4086 alul.
833 4015 927 4088 18²5,
942 4023 971 4085 p.
986 4009 1048 4082 12.)

252 4224 421 4296 Henrions
436 4224 499 4298 Dei
521 4224 631 4318 gratia
649 4224 878 4298 Romanorum
893 4243 974 4315 rex,
997 4243 1132 4318 semper
1150 4231 1332 4318 augustus,
1349 4221 1521 4295 universis
1545 4223 1615 4296 im·

203 4348 292 4445 perii
316 4346 479 4422 fidelibus
502 4349 647 4444 gretiam
668 4369 767 4422 snam
788 4355 823 4420 et
847 4367 949 4419 omne
972 4346 1116 4420 bonnm.
1140 4345 1195 4422 Ad
1219 4347 1373 4420 notitiam
1399 4346 1612 4442 singulorum
1722 4405 1726 4411 .

204 4475 365 4570 cupimus
386 4475 569 4572 pervenire
590 4473 686 4569 qnod
712 4494 775 4546 nos
800 4470 895 4544 fideli
916 4480 1032 4545 nostro
1050 4471 1240 4545 Gerechino
1260 4469 1306 4544 de
1324 4471 1494 4546 Sintziche
1518 4495 1613 4548 reco-

203 4599 403 4695 gnoscimus
417 4599 477 4692 jus
494 4608 696 4696 patronatus
716 4599 752 4670 in
777 4597 1010 4688 Knnigeslelt,
1030 4596 1090 4670 tali
1113 4597 1218 4670 modo
1235 4595 1331 4692 quod
1353 4597 1471 4670 nullus
1483 4597 1614 4674 ibidem

205 4723 402 4796 instituatur
418 4723 581 4816 clericus,
606 4723 673 4796 nisi
700 4721 803 4795 leciat
823 4718 1046 4793 residentiam
1068 4720 1105 4792 in
1126 4720 1207 4794 villa
1234 4729 1412 4818 prenotata
1436 4730 1471 4796 et
1492 4722 1529 4795 in
1554 4746 1614 4800 ca·
