4466 5914
544 567 606 630 642
1046 563 1259 626 balbutiet
1285 562 1456 626 saccant
1771 560 1850 646 [Aac.
1871 560 1959 624 1226.

630 701 729 784 (Edlt.
745 717 795 779 ap.
809 699 954 776 Gnrnrur,
969 696 1082 760 Annali
1094 697 1126 760 dl
1137 696 1343 777 Abrrnadric,
1357 719 1389 780 p.
1405 709 1454 762 tl.
1469 701 1552 764 licet
1563 701 1620 762 lstc
1632 697 1745 760 lentem
1757 713 1818 760 non
1830 697 1956 771 indicet,

668 809 711 870 nll
735 807 932 868 dubitandum
955 809 1027 886 quln
1050 806 1127 868 banc
1151 809 1332 886 encyclicam
1354 808 1571 884 transcripserit
1592 822 1632 868 ex
1650 805 1770 884 chmt.
1793 819 1903 882 magno
1926 805 1957 864 ln

669 916 747 978 arch.
763 931 872 976 comrn.
889 914 1064 990 Cumarum,
1079 914 1131 977 fol.
1144 923 1251 989 tta-663
1267 917 1300 976 ln
1311 932 1371 994 quo
1383 921 1481 976 tamen
1494 916 1580 994 copln
1590 913 1707 976 mendis
1719 916 1836 990 scatet.)

597 1102 792 1178 Fridericus
805 1102 867 1174 Dei
886 1101 996 1194 gratia
1011 1102 1242 1174 Romanorum
1258 1101 1456 1198 imperator,
1475 1121 1611 1196 semper
1628 1109 1816 1195 augustus,
1835 1099 1958 1173 Hieru-

548 1229 655 1301 salem
673 1237 708 1300 et
725 1227 839 1300 Sicilie
855 1247 931 1317 rex,
948 1224 1136 1298 venerabili
1151 1225 1325 1320 episcopo,
1344 1225 1447 1318 clero,
1463 1224 1635 1322 potestati,
1653 1225 1809 1316 oonsilio,
1827 1223 1958 1318 totique

548 1352 723 1425 communi
740 1351 925 1424 Cumarum
952 1349 1113 1422 fidelibus
1133 1349 1207 1422 suis
1231 1353 1373 1444 gratiam
1397 1372 1496 1424 suam
1519 1361 1553 1423 et
1575 1350 1702 1422 bonam
1727 1351 1952 1423 voluntatem.

547 1477 818 1573 Expectavimus
844 1475 1011 1548 hactenus
1045 1484 1084 1546 ut
1106 1475 1291 1548 Lombardi
1317 1473 1561 1567 conjurationis
1585 1473 1723 1564 illicite,
1751 1475 1814 1568 qui
1840 1483 1959 1547 contra

547 1611 704 1674 nostrum
725 1609 761 1674 et
781 1601 916 1696 imperii
936 1599 1100 1674 honorem
1120 1599 1274 1695 quodam
1295 1599 1454 1673 elationis
1475 1599 1597 1695 spiritu
1619 1599 1905 1702 conspiraverunt
1923 1608 1959 1672 et

549 1727 776 1824 desipuerunt
790 1726 949 1820 nequiter
967 1725 1003 1796 in
1019 1725 1216 1820 insipientia
1229 1725 1343 1798 cordis
1362 1725 1436 1817 sui,
1450 1723 1710 1821 rescipiscentes
1725 1723 1771 1796 ab
1786 1745 1900 1796 errem
1917 1745 1959 1796 ac

549 1862 762 1928 resumentes
784 1851 939 1924 animum
965 1849 1065 1942 fidei,
1094 1850 1186 1922 viam
1209 1848 1356 1946 perfidia
1382 1871 1452 1922 non
1476 1859 1641 1922 tenerent.
1668 1849 1738 1922 Sed
1758 1871 1839 1922 ecce
1861 1847 1957 1944 quod

549 1976 704 2051 dolentes
726 1977 895 2066 dicimus,
920 1973 1010 2050 adeo
1034 1974 1252 2070 pertinaciter
1273 1973 1435 2047 obstinati
1459 1973 1598 2046 suntin
1620 1973 1775 2068 reprobis
1795 1975 1863 2046 viis
1886 1973 1958 2048 suis

548 2103 643 2196 quod
672 2123 737 2174 neo
765 2101 872 2174 verba
900 2098 1020 2174 salutis
1048 2099 1203 2195 accipere
1227 2120 1292 2172 nec
1316 2099 1551 2172 conversionis
1576 2099 1745 2172 tramitem
1772 2118 1958 2194 agnoscere

548 2226 738 2317 voluerint;
763 2224 918 2319 quinimo
940 2223 1119 2298 manifeste
1140 2232 1258 2297 contm
1278 2225 1389 2296 Deum
1408 2233 1443 2298 et
1461 2225 1648 2298 Romanam
1673 2235 1816 2297 matrem
1839 2225 1959 2297 Eccle-

547 2349 653 2439 siam,
676 2349 752 2439 [ad]
770 2350 937 2422 catholice
953 2347 1037 2422 fidei
1053 2357 1088 2422 et
1103 2349 1208 2421 totius
1224 2347 1401 2421 christiani
1418 2348 1569 2422 nominis
1582 2349 1761 2434 lesionem,
1781 2357 1958 2422 contume-

548 2475 628 2547 liam
645 2475 758 2548 crucis
774 2484 809 2548 et
830 2473 1056 2568 ignominiam
1077 2473 1212 2570 imperii
1234 2474 1445 2568 graviorem,
1465 2473 1512 2548 ad
1533 2473 1793 2571 impediendam
1812 2495 1955 2568 genara-

548 2600 615 2671 lem
634 2599 766 2671 curiam
780 2620 842 2694 pro
859 2597 1097 2672 reformatione
1113 2599 1220 2694 pacis,
1232 2598 1440 2694 extirpanda
1453 2599 1603 2672 heretica
1621 2599 1792 2694 pravitate
1804 2607 1839 2671 et
1854 2599 1956 2672 Terre

546 2723 670 2796 Sancte
695 2723 832 2818 negotio
862 2723 1068 2796 celebrando
1094 2723 1283 2796 temerariis
1312 2725 1455 2796 ausibus
1485 2723 1727 2797 excessissent.
1757 2723 1845 2795 Nam
1873 2745 1954 2797 cum

548 2847 765 2921 indemnitati
788 2869 851 2944 pro
875 2849 1021 2922 transitu
1044 2849 1136 2956 regis
1160 2847 1222 2922 filii
1244 2849 1350 2922 nostri
1373 2857 1409 2924 et
1428 2849 1625 2945 principum
1642 2850 1704 2944 qui
1727 2849 1774 2923 ad
1796 2848 1956 2922 eamdem

549 2973 680 3046 curiam
704 2973 891 3046 veniebant
914 2995 1037 3046 cavere
1058 2974 1271 3047 voluerimus
1291 2983 1331 3044 ut
1349 2972 1511 3066 decebat,
1539 2995 1601 3069 per
1623 2973 1855 3048 venerabilem
1875 2974 1958 3047 Por-

550 3109 706 3170 tuensem
720 3107 754 3169 et
774 3100 897 3170 Sancte
914 3095 1038 3170 Rufina
1055 3097 1275 3194 episcopum,
1293 3097 1488 3194 Apostolice
1508 3097 1607 3172 Sedis
1621 3099 1786 3193 legatum,
1801 3099 1959 3174 Hieroso·

550 3221 743 3294 limitanum
773 3222 1020 3316 patriarcham,
1051 3222 1345 3319 archiepiscopos,
1373 3223 1572 3319 episcopos,
1603 3233 1638 3296 et
1669 3245 1732 3320 per
1757 3224 1958 3318 magistrum

551 3347 676 3419 domus
702 3345 990 3418 Theutonicorum
1016 3346 1052 3418 in
1075 3347 1282 3438 Jerusalem,
1301 3368 1388 3442 quos
1404 3345 1451 3420 ad
1469 3347 1609 3422 eosdem
1632 3347 1843 3422 Lombardos
1862 3347 1959 3444 apud

550 3471 727 3544 Mantuam
746 3470 798 3566 (t)
817 3472 935 3567 sepius
952 3470 1129 3562 misimus,
1150 3495 1328 3567 nunquam
1346 3473 1517 3546 obstinata
1537 3473 1740 3568 protervitas
1758 3472 1959 3546 eorumdem

550 3594 597 3668 ad
614 3595 842 3668 humilitatem
859 3607 893 3669 et
911 3597 1111 3694 patientiam
1127 3607 1294 3688 nostram,
1315 3598 1360 3672 ad
1381 3620 1501 3694 preces
1520 3608 1556 3671 et
1570 3599 1700 3672 monita
1716 3599 1862 3695 potuita
1877 3621 1960 3672 con·

550 3730 649 3815 cepte
675 3721 865 3816 iniquitatis
887 3723 1061 3818 proposito
1084 3723 1275 3816 declinare,
1296 3723 1382 3820 quin
1400 3746 1462 3821 per
1482 3723 1681 3797 inhonestas
1701 3734 1736 3797 et
1759 3722 1959 3798 indecentes

550 3847 731 3942 petitiones
746 3847 782 3918 in
807 3847 1063 3943 depressionem
1086 3847 1256 3922 honorum
1279 3857 1314 3922 ct
1334 3859 1527 3922 nostrorum
1538 3849 1671 3942 jurium
1687 3869 1750 3922 nos
1769 3847 1816 3922 ad
1840 3847 1960 3922 incon·

549 3973 694 4046 veniens
718 3971 891 4045 deducere
910 3973 1123 4046 molirentur.
1145 3974 1248 4060 Quod
1269 3995 1350 4046 cum
1372 3975 1583 4066 majestatem
1610 3985 1761 4048 nostram
1783 3982 1818 4046 et
1843 3972 1958 4069 digni·

552 4106 654 4171 tatem
672 4097 808 4192 imperii
826 4096 964 4194 penitus
980 4097 1175 4192 dedeceret,
1195 4121 1237 4173 ac
1253 4121 1357 4195 super
1370 4099 1502 4172 eisdem
1525 4099 1748 4195 petitionibus
1772 4097 1955 4170 eonsilium

588 4428 624 4504 (l)
644 4427 829 4488 verisimiliter
842 4429 877 4486 ad
890 4433 1052 4489 conventum
1070 4429 1141 4504 apud
1163 4429 1296 4486 Mantuam
1312 4427 1432 4486 habitum
1446 4429 1540 4501 quinto
1553 4427 1598 4486 dia
1608 4427 1692 4502 junii,
1710 4435 1741 4486 ut
1758 4433 1852 4486 monet
1864 4427 1959 4486 Curius

552 4525 624 4598 (vid.
640 4527 669 4583 in
681 4525 909 4601 Addltcmmtta);
925 4527 969 4584 cui
981 4527 1092 4584 concilio
1106 4526 1238 4584 affirerunt
1250 4543 1300 4601 pro
1313 4524 1451 4600 republica
1465 4525 1643 4584 Alexandrina
1655 4525 1742 4584 Guido
1753 4527 1865 4584 Piovera
1875 4531 1904 4583 et
1915 4525 1960 4583 lo·

552 4623 655 4682 bannos
666 4623 773 4696 Ardicc,
782 4631 902 4683 rectores
915 4631 943 4682 et
956 4625 1028 4683 cives
1040 4625 1169 4698 ejusdam,
1180 4625 1226 4699 qui
1240 4624 1420 4698 promiserunt
1429 4639 1459 4682 sc
1468 4621 1655 4682 inviolabiliter
1671 4623 1860 4681 observaturos
1873 4621 1961 4696 quid-

552 4723 619 4802 quid
633 4723 735 4780 ibidem
748 4723 867 4781 decisnm
879 4722 957 4782 leret.
972 4722 1011 4781 Cl.
1025 4722 1156 4792 Gnrnrru,
1173 4723 1253 4794 ibid,
1267 4741 1296 4798 p.
1311 4727 1355 4780 30.
