<?xml version="1.0" encoding="UTF-8"?>
<!DOCTYPE html PUBLIC "-//W3C//DTD XHTML 1.0 Transitional//EN"
    "http://www.w3.org/TR/xhtml1/DTD/xhtml1-transitional.dtd">
<html xmlns="http://www.w3.org/1999/xhtml" xml:lang="en" lang="en">
 <head>
  <title>
</title>
<meta http-equiv="Content-Type" content="text/html;charset=utf-8" />
  <meta name='ocr-system' content='tesseract 3.04.00' />
  <meta name='ocr-capabilities' content='ocr_page ocr_carea ocr_par ocr_line ocrx_word'/>
</head>
<body>
  <div class='ocr_page' id='page_1' title='image "./historiadiploma04fredgoog_0096.png"; bbox 0 0 4330 5914; ppageno 0'>
   <div class='ocr_carea' id='block_1_1' title="bbox 236 591 1646 672">
    <p class='ocr_par' dir='ltr' id='par_1_1' title="bbox 236 591 1646 672">
     <span class='ocr_line' id='line_1_1' title="bbox 236 591 1646 672; baseline 0.004 -22"><span class='ocrx_word' id='word_1_1' title='bbox 236 591 416 672; x_wconf 83' lang='lat' dir='ltr'>lxnrcr.15.]</span> <span class='ocrx_word' id='word_1_2' title='bbox 685 591 882 672; x_wconf 74' lang='lat' dir='ltr'>HISTORIA</span> <span class='ocrx_word' id='word_1_3' title='bbox 905 592 1200 656; x_wconf 77' lang='lat' dir='ltr'>ulrbouurlou</span> <span class='ocrx_word' id='word_1_4' title='bbox 1584 595 1646 656; x_wconf 83' lang='lat'>683</span> 
     </span>
    </p>
   </div>
   <div class='ocr_carea' id='block_1_2' title="bbox 234 721 1640 968">
    <p class='ocr_par' dir='ltr' id='par_1_2' title="bbox 234 721 1640 968">
     <span class='ocr_line' id='line_1_2' title="bbox 236 721 1640 834; baseline 0.004 -29"><span class='ocrx_word' id='word_1_5' title='bbox 236 721 490 834; x_wconf 89' lang='lat' dir='ltr'>Forcalquerii</span> <span class='ocrx_word' id='word_1_6' title='bbox 506 725 697 834; x_wconf 78' lang='lat' dir='ltr'>quaedam</span> <span class='ocrx_word' id='word_1_7' title='bbox 713 725 881 808; x_wconf 73' lang='lat' dir='ltr'>cintates</span> <span class='ocrx_word' id='word_1_8' title='bbox 899 735 1032 810; x_wconf 87' lang='lat' dir='ltr'>contra</span> <span class='ocrx_word' id='word_1_9' title='bbox 1049 725 1196 833; x_wconf 90' lang='lat' dir='ltr'>imperii</span> <span class='ocrx_word' id='word_1_10' title='bbox 1210 723 1433 833; x_wconf 84' lang='lat' dir='ltr'>dignitatem</span> <span class='ocrx_word' id='word_1_11' title='bbox 1448 737 1640 834; x_wconf 80' lang='lat' dir='ltr'>exercent,</span> 
     </span>
     <span class='ocr_line' id='line_1_3' title="bbox 234 857 1320 968; baseline 0 -30"><span class='ocrx_word' id='word_1_12' title='bbox 234 866 386 940; x_wconf 86' lang='lat' dir='ltr'>revocat</span> <span class='ocrx_word' id='word_1_13' title='bbox 402 867 441 940; x_wconf 91' lang='lat' dir='ltr'>et</span> <span class='ocrx_word' id='word_1_14' title='bbox 456 867 601 964; x_wconf 86' lang='lat' dir='ltr'>cassat,</span> <span class='ocrx_word' id='word_1_15' title='bbox 620 857 759 940; x_wconf 81' lang='lat' dir='ltr'>similia</span> <span class='ocrx_word' id='word_1_16' title='bbox 773 859 821 941; x_wconf 91' lang='lat' dir='ltr'>de</span> <span class='ocrx_word' id='word_1_17' title='bbox 838 869 985 942; x_wconf 84' lang='lat' dir='ltr'>caetero</span> <span class='ocrx_word' id='word_1_18' title='bbox 1002 859 1084 942; x_wconf 89' lang='lat' dir='ltr'>fieri</span> <span class='ocrx_word' id='word_1_19' title='bbox 1100 857 1320 968; x_wconf 87' lang='lat' dir='ltr'>prohibens.</span> 
     </span>
    </p>
   </div>
   <div class='ocr_carea' id='block_1_3' title="bbox 318 1069 1642 1258">
    <p class='ocr_par' dir='ltr' id='par_1_3' title="bbox 318 1069 1642 1258">
     <span class='ocr_line' id='line_1_4' title="bbox 318 1069 1642 1152; baseline 0.003 -22"><span class='ocrx_word' id='word_1_20' title='bbox 318 1071 447 1143; x_wconf 85' lang='lat' dir='ltr'>(Edider.</span> <span class='ocrx_word' id='word_1_21' title='bbox 462 1073 578 1140; x_wconf 76' lang='lat' dir='ltr'>Paroa,</span> <span class='ocrx_word' id='word_1_22' title='bbox 593 1071 720 1132; x_wconf 67' lang='lat' dir='ltr'>Horum</span> <span class='ocrx_word' id='word_1_23' title='bbox 734 1069 768 1131; x_wconf 79' lang='lat' dir='ltr'>da</span> <span class='ocrx_word' id='word_1_24' title='bbox 781 1073 940 1150; x_wconf 78' lang='lat' dir='ltr'>Proosnae,</span> <span class='ocrx_word' id='word_1_25' title='bbox 954 1081 978 1136; x_wconf 90' lang='lat' dir='ltr'>t.</span> <span class='ocrx_word' id='word_1_26' title='bbox 994 1074 1040 1148; x_wconf 92' lang='lat' dir='ltr'>ll,</span> <span class='ocrx_word' id='word_1_27' title='bbox 1056 1089 1196 1152; x_wconf 79' lang='lat' dir='ltr'>preuves,</span> <span class='ocrx_word' id='word_1_28' title='bbox 1209 1089 1240 1150; x_wconf 89' lang='lat' dir='ltr'>p.</span> <span class='ocrx_word' id='word_1_29' title='bbox 1252 1082 1303 1147; x_wconf 80' lang='lat'>50,</span> <span class='ocrx_word' id='word_1_30' title='bbox 1318 1089 1357 1134; x_wconf 83' lang='lat' dir='ltr'>ex</span> <span class='ocrx_word' id='word_1_31' title='bbox 1368 1072 1489 1134; x_wconf 85' lang='lat' dir='ltr'>archivo</span> <span class='ocrx_word' id='word_1_32' title='bbox 1499 1073 1642 1152; x_wconf 81' lang='lat' dir='ltr'>Aqueusl.</span> 
     </span>
     <span class='ocr_line' id='line_1_5' title="bbox 356 1176 1133 1258; baseline 0.003 -20"><span class='ocrx_word' id='word_1_33' title='bbox 356 1179 520 1250; x_wconf 85' lang='lat' dir='ltr'>-Punrz,</span> <span class='ocrx_word' id='word_1_34' title='bbox 535 1177 667 1238; x_wconf 77' lang='lat' dir='ltr'>Monam.</span> <span class='ocrx_word' id='word_1_35' title='bbox 684 1176 777 1240; x_wconf 76' lang='lat' dir='ltr'>Germ.</span> <span class='ocrx_word' id='word_1_36' title='bbox 793 1179 881 1250; x_wconf 81' lang='lat' dir='ltr'>Hor..</span> <span class='ocrx_word' id='word_1_37' title='bbox 894 1185 918 1240; x_wconf 93' lang='lat' dir='ltr'>t.</span> <span class='ocrx_word' id='word_1_38' title='bbox 933 1179 988 1255; x_wconf 87' lang='lat' dir='ltr'>IV,</span> <span class='ocrx_word' id='word_1_39' title='bbox 1003 1197 1034 1258; x_wconf 92' lang='lat' dir='ltr'>p.</span> <span class='ocrx_word' id='word_1_40' title='bbox 1051 1181 1133 1255; x_wconf 75' lang='lat' dir='ltr'>ato.)</span> 
     </span>
    </p>
   </div>
   <div class='ocr_carea' id='block_1_4' title="bbox 237 1361 1647 4318">
    <p class='ocr_par' dir='ltr' id='par_1_4' title="bbox 237 1361 1647 4318">
     <span class='ocr_line' id='line_1_6' title="bbox 285 1361 1642 1460; baseline 0.005 -28"><span class='ocrx_word' id='word_1_41' title='bbox 285 1361 479 1436; x_wconf 85' lang='lat' dir='ltr'>Frideriona</span> <span class='ocrx_word' id='word_1_42' title='bbox 495 1365 558 1437; x_wconf 91' lang='lat' dir='ltr'>Dei</span> <span class='ocrx_word' id='word_1_43' title='bbox 577 1365 687 1459; x_wconf 90' lang='lat' dir='ltr'>gratia</span> <span class='ocrx_word' id='word_1_44' title='bbox 703 1365 933 1437; x_wconf 87' lang='lat' dir='ltr'>Romanorum</span> <span class='ocrx_word' id='word_1_45' title='bbox 955 1365 1151 1460; x_wconf 92' lang='lat' dir='ltr'>imperator,</span> <span class='ocrx_word' id='word_1_46' title='bbox 1174 1386 1309 1458; x_wconf 83' lang='lat' dir='ltr'>semper</span> <span class='ocrx_word' id='word_1_47' title='bbox 1332 1375 1519 1458; x_wconf 91' lang='lat' dir='ltr'>augustus,</span> <span class='ocrx_word' id='word_1_48' title='bbox 1539 1369 1642 1439; x_wconf 84' lang='lat' dir='ltr'>laru-</span> 
     </span>
     <span class='ocr_line' id='line_1_7' title="bbox 237 1483 1642 1584; baseline 0.005 -30"><span class='ocrx_word' id='word_1_49' title='bbox 237 1483 343 1556; x_wconf 83' lang='lat' dir='ltr'>salem</span> <span class='ocrx_word' id='word_1_50' title='bbox 356 1495 391 1558; x_wconf 89' lang='lat' dir='ltr'>et</span> <span class='ocrx_word' id='word_1_51' title='bbox 402 1487 517 1559; x_wconf 88' lang='lat' dir='ltr'>Sicilie</span> <span class='ocrx_word' id='word_1_52' title='bbox 529 1511 604 1576; x_wconf 86' lang='lat' dir='ltr'>rex,</span> <span class='ocrx_word' id='word_1_53' title='bbox 619 1490 791 1562; x_wconf 88' lang='lat' dir='ltr'>universis</span> <span class='ocrx_word' id='word_1_54' title='bbox 805 1512 865 1584; x_wconf 93' lang='lat' dir='ltr'>per</span> <span class='ocrx_word' id='word_1_55' title='bbox 879 1489 1076 1562; x_wconf 90' lang='lat' dir='ltr'>comitatum</span> <span class='ocrx_word' id='word_1_56' title='bbox 1086 1489 1265 1561; x_wconf 88' lang='lat' dir='ltr'>Provincie</span> <span class='ocrx_word' id='word_1_57' title='bbox 1275 1498 1310 1560; x_wconf 87' lang='lat' dir='ltr'>at</span> <span class='ocrx_word' id='word_1_58' title='bbox 1320 1489 1551 1582; x_wconf 86' lang='lat' dir='ltr'>Forcalquerii</span> <span class='ocrx_word' id='word_1_59' title='bbox 1560 1511 1642 1563; x_wconf 89' lang='lat' dir='ltr'>con-</span> 
     </span>
     <span class='ocr_line' id='line_1_8' title="bbox 238 1608 1642 1707; baseline 0.004 -29"><span class='ocrx_word' id='word_1_60' title='bbox 238 1608 365 1680; x_wconf 90' lang='lat' dir='ltr'>stitutis</span> <span class='ocrx_word' id='word_1_61' title='bbox 374 1610 502 1704; x_wconf 89' lang='lat' dir='ltr'>quibua</span> <span class='ocrx_word' id='word_1_62' title='bbox 512 1623 687 1707; x_wconf 87' lang='lat' dir='ltr'>presentes</span> <span class='ocrx_word' id='word_1_63' title='bbox 695 1614 804 1686; x_wconf 85' lang='lat' dir='ltr'>littere</span> <span class='ocrx_word' id='word_1_64' title='bbox 813 1622 949 1686; x_wconf 74' lang='lat' dir='ltr'>oswnse</span> <span class='ocrx_word' id='word_1_65' title='bbox 961 1613 1100 1698; x_wconf 87' lang='lat' dir='ltr'>suerint,</span> <span class='ocrx_word' id='word_1_66' title='bbox 1115 1610 1274 1684; x_wconf 88' lang='lat' dir='ltr'>fidelibus</span> <span class='ocrx_word' id='word_1_67' title='bbox 1286 1611 1372 1703; x_wconf 91' lang='lat' dir='ltr'>suis,</span> <span class='ocrx_word' id='word_1_68' title='bbox 1386 1613 1531 1706; x_wconf 90' lang='lat' dir='ltr'>gratiam</span> <span class='ocrx_word' id='word_1_69' title='bbox 1543 1635 1642 1686; x_wconf 91' lang='lat' dir='ltr'>suam</span> 
     </span>
     <span class='ocr_line' id='line_1_9' title="bbox 238 1734 1643 1833; baseline 0.001 -27"><span class='ocrx_word' id='word_1_70' title='bbox 238 1743 272 1806; x_wconf 89' lang='lat' dir='ltr'>et</span> <span class='ocrx_word' id='word_1_71' title='bbox 285 1734 411 1806; x_wconf 89' lang='lat' dir='ltr'>bonam</span> <span class='ocrx_word' id='word_1_72' title='bbox 429 1738 653 1810; x_wconf 87' lang='lat' dir='ltr'>voluntatem.</span> <span class='ocrx_word' id='word_1_73' title='bbox 670 1739 830 1811; x_wconf 89' lang='lat' dir='ltr'>Pervenit</span> <span class='ocrx_word' id='word_1_74' title='bbox 845 1760 954 1833; x_wconf 90' lang='lat' dir='ltr'>nuper</span> <span class='ocrx_word' id='word_1_75' title='bbox 972 1737 1018 1811; x_wconf 93' lang='lat' dir='ltr'>ad</span> <span class='ocrx_word' id='word_1_76' title='bbox 1034 1736 1186 1808; x_wconf 88' lang='lat' dir='ltr'>notitiam</span> <span class='ocrx_word' id='word_1_77' title='bbox 1203 1744 1351 1806; x_wconf 88' lang='lat' dir='ltr'>nostram</span> <span class='ocrx_word' id='word_1_78' title='bbox 1367 1736 1461 1830; x_wconf 91' lang='lat' dir='ltr'>quod</span> <span class='ocrx_word' id='word_1_79' title='bbox 1475 1759 1643 1831; x_wconf 91' lang='lat' dir='ltr'>quornm·</span> 
     </span>
     <span class='ocr_line' id='line_1_10' title="bbox 238 1859 1643 1950; baseline 0 -18"><span class='ocrx_word' id='word_1_80' title='bbox 238 1859 317 1932; x_wconf 88' lang='lat' dir='ltr'>dam</span> <span class='ocrx_word' id='word_1_81' title='bbox 339 1859 529 1950; x_wconf 86' lang='lat' dir='ltr'>civitatum,</span> <span class='ocrx_word' id='word_1_82' title='bbox 549 1862 709 1934; x_wconf 91' lang='lat' dir='ltr'>villarum</span> <span class='ocrx_word' id='word_1_83' title='bbox 725 1872 760 1936; x_wconf 88' lang='lat' dir='ltr'>et</span> <span class='ocrx_word' id='word_1_84' title='bbox 777 1863 923 1936; x_wconf 92' lang='lat' dir='ltr'>aliorum</span> <span class='ocrx_word' id='word_1_85' title='bbox 941 1864 1092 1934; x_wconf 90' lang='lat' dir='ltr'>locorum</span> <span class='ocrx_word' id='word_1_86' title='bbox 1111 1859 1353 1932; x_wconf 83' lang='lat' dir='ltr'>universitates</span> <span class='ocrx_word' id='word_1_87' title='bbox 1371 1861 1407 1930; x_wconf 92' lang='lat' dir='ltr'>iu</span> <span class='ocrx_word' id='word_1_88' title='bbox 1426 1861 1643 1933; x_wconf 89' lang='lat' dir='ltr'>comitatibus</span> 
     </span>
     <span class='ocr_line' id='line_1_11' title="bbox 238 1983 1639 2081; baseline 0.004 -29"><span class='ocrx_word' id='word_1_89' title='bbox 238 1983 322 2076; x_wconf 90' lang='lat' dir='ltr'>ipsis</span> <span class='ocrx_word' id='word_1_90' title='bbox 349 1983 513 2078; x_wconf 80' lang='lat' dir='ltr'>degentes</span> <span class='ocrx_word' id='word_1_91' title='bbox 538 1988 674 2081; x_wconf 91' lang='lat' dir='ltr'>proprio</span> <span class='ocrx_word' id='word_1_92' title='bbox 700 1995 794 2059; x_wconf 90' lang='lat' dir='ltr'>motu</span> <span class='ocrx_word' id='word_1_93' title='bbox 825 1997 859 2058; x_wconf 92' lang='lat' dir='ltr'>et</span> <span class='ocrx_word' id='word_1_94' title='bbox 882 1988 1059 2058; x_wconf 88' lang='lat' dir='ltr'>voluntate</span> <span class='ocrx_word' id='word_1_95' title='bbox 1087 1985 1336 2057; x_wconf 86' lang='lat' dir='ltr'>constituerunt</span> <span class='ocrx_word' id='word_1_96' title='bbox 1363 1984 1639 2078; x_wconf 85' lang='lat' dir='ltr'>jurisdictiones,</span> 
     </span>
     <span class='ocr_line' id='line_1_12' title="bbox 238 2107 1641 2203; baseline 0.001 -25"><span class='ocrx_word' id='word_1_97' title='bbox 238 2115 437 2200; x_wconf 80' lang='lat' dir='ltr'>potestates,</span> <span class='ocrx_word' id='word_1_98' title='bbox 459 2110 671 2194; x_wconf 88' lang='lat' dir='ltr'>consulatus,</span> <span class='ocrx_word' id='word_1_99' title='bbox 694 2109 860 2203; x_wconf 80' lang='lat' dir='ltr'>regimina</span> <span class='ocrx_word' id='word_1_100' title='bbox 877 2120 912 2180; x_wconf 89' lang='lat' dir='ltr'>et</span> <span class='ocrx_word' id='word_1_101' title='bbox 929 2111 994 2181; x_wconf 87' lang='lat' dir='ltr'>alia</span> <span class='ocrx_word' id='word_1_102' title='bbox 1011 2108 1162 2203; x_wconf 89' lang='lat' dir='ltr'>quedam</span> <span class='ocrx_word' id='word_1_103' title='bbox 1180 2116 1391 2200; x_wconf 88' lang='lat' dir='ltr'>statutaque</span> <span class='ocrx_word' id='word_1_104' title='bbox 1406 2107 1454 2180; x_wconf 93' lang='lat' dir='ltr'>ad</span> <span class='ocrx_word' id='word_1_105' title='bbox 1471 2129 1533 2180; x_wconf 92' lang='lat' dir='ltr'>sue</span> <span class='ocrx_word' id='word_1_106' title='bbox 1549 2110 1641 2181; x_wconf 91' lang='lat' dir='ltr'>arbi·</span> 
     </span>
     <span class='ocr_line' id='line_1_13' title="bbox 238 2231 1642 2327; baseline 0 -25"><span class='ocrx_word' id='word_1_107' title='bbox 238 2231 340 2302; x_wconf 67' lang='lat' dir='ltr'>mum</span> <span class='ocrx_word' id='word_1_108' title='bbox 367 2233 554 2304; x_wconf 90' lang='lat' dir='ltr'>voluntatis</span> <span class='ocrx_word' id='word_1_109' title='bbox 582 2241 763 2322; x_wconf 80' lang='lat' dir='ltr'>exercent3</span> <span class='ocrx_word' id='word_1_110' title='bbox 791 2241 826 2304; x_wconf 86' lang='lat' dir='ltr'>et</span> <span class='ocrx_word' id='word_1_111' title='bbox 853 2253 933 2304; x_wconf 89' lang='lat' dir='ltr'>cum</span> <span class='ocrx_word' id='word_1_112' title='bbox 956 2235 1027 2324; x_wconf 88' lang='lat' dir='ltr'>jam</span> <span class='ocrx_word' id='word_1_113' title='bbox 1055 2231 1151 2327; x_wconf 89' lang='lat' dir='ltr'>apud</span> <span class='ocrx_word' id='word_1_114' title='bbox 1178 2231 1348 2326; x_wconf 87' lang='lat' dir='ltr'>quasdam</span> <span class='ocrx_word' id='word_1_115' title='bbox 1351 2285 1582 2305; x_wconf 89' lang='grc'><strong>........</strong></span> <span class='ocrx_word' id='word_1_116' title='bbox 1606 2233 1642 2303; x_wconf 88' lang='lat' dir='ltr'>in</span> 
     </span>
     <span class='ocr_line' id='line_1_14' title="bbox 238 2356 1645 2451; baseline 0.002 -23"><span class='ocrx_word' id='word_1_117' title='bbox 238 2356 386 2428; x_wconf 89' lang='lat' dir='ltr'>abusum</span> <span class='ocrx_word' id='word_1_118' title='bbox 406 2365 440 2428; x_wconf 87' lang='lat' dir='ltr'>et</span> <span class='ocrx_word' id='word_1_119' title='bbox 462 2379 603 2450; x_wconf 86' lang='lat' dir='ltr'>pravam</span> <span class='ocrx_word' id='word_1_120' title='bbox 622 2356 908 2430; x_wconf 88' lang='lat' dir='ltr'>consuetudinem</span> <span class='ocrx_word' id='word_1_121' title='bbox 926 2357 1117 2448; x_wconf 89' lang='lat' dir='ltr'>inoterunt,</span> <span class='ocrx_word' id='word_1_122' title='bbox 1138 2357 1364 2451; x_wconf 77' lang='lat' dir='ltr'>allegantibus</span> <span class='ocrx_word' id='word_1_123' title='bbox 1387 2359 1562 2431; x_wconf 90' lang='lat' dir='ltr'>nonnullis</span> <span class='ocrx_word' id='word_1_124' title='bbox 1586 2379 1645 2430; x_wconf 90' lang='lat' dir='ltr'>cas</span> 
     </span>
     <span class='ocr_line' id='line_1_15' title="bbox 239 2481 1647 2577; baseline 0.003 -27"><span class='ocrx_word' id='word_1_125' title='bbox 239 2501 308 2573; x_wconf 91' lang='lat' dir='ltr'>que</span> <span class='ocrx_word' id='word_1_126' title='bbox 324 2501 387 2574; x_wconf 90' lang='lat' dir='ltr'>per</span> <span class='ocrx_word' id='word_1_127' title='bbox 404 2481 640 2553; x_wconf 85' lang='lat' dir='ltr'>excessionem</span> <span class='ocrx_word' id='word_1_128' title='bbox 657 2481 705 2575; x_wconf 82' lang='lat' dir='ltr'>(a)</span> <span class='ocrx_word' id='word_1_129' title='bbox 724 2503 829 2575; x_wconf 90' lang='lat' dir='ltr'>super</span> <span class='ocrx_word' id='word_1_130' title='bbox 847 2482 901 2554; x_wconf 91' lang='lat' dir='ltr'>bis</span> <span class='ocrx_word' id='word_1_131' title='bbox 916 2503 980 2577; x_wconf 89' lang='lat' dir='ltr'>per</span> <span class='ocrx_word' id='word_1_132' title='bbox 994 2483 1153 2554; x_wconf 87' lang='lat' dir='ltr'>comitem</span> <span class='ocrx_word' id='word_1_133' title='bbox 1169 2482 1349 2554; x_wconf 87' lang='lat' dir='ltr'>Provincia</span> <span class='ocrx_word' id='word_1_134' title='bbox 1368 2491 1402 2554; x_wconf 88' lang='lat' dir='ltr'>et</span> <span class='ocrx_word' id='word_1_135' title='bbox 1419 2483 1647 2576; x_wconf 88' lang='lat' dir='ltr'>Forcalquerii</span> 
     </span>
     <span class='ocr_line' id='line_1_16' title="bbox 239 2603 1646 2700; baseline 0.004 -26"><span class='ocrx_word' id='word_1_136' title='bbox 239 2603 435 2677; x_wconf 87' lang='lat' dir='ltr'>babuerunt</span> <span class='ocrx_word' id='word_1_137' title='bbox 452 2614 556 2698; x_wconf 90' lang='lat' dir='ltr'>atque</span> <span class='ocrx_word' id='word_1_138' title='bbox 574 2627 764 2678; x_wconf 88' lang='lat' dir='ltr'>assensum.</span> <span class='ocrx_word' id='word_1_139' title='bbox 785 2605 869 2677; x_wconf 92' lang='lat' dir='ltr'>Cum</span> <span class='ocrx_word' id='word_1_140' title='bbox 897 2607 1002 2700; x_wconf 91' lang='lat' dir='ltr'>igitur</span> <span class='ocrx_word' id='word_1_141' title='bbox 1025 2606 1189 2678; x_wconf 83' lang='lat' dir='ltr'>indecens</span> <span class='ocrx_word' id='word_1_142' title='bbox 1213 2606 1258 2676; x_wconf 90' lang='lat' dir='ltr'>sit</span> <span class='ocrx_word' id='word_1_143' title='bbox 1278 2617 1311 2678; x_wconf 91' lang='lat' dir='ltr'>et</span> <span class='ocrx_word' id='word_1_144' title='bbox 1337 2606 1519 2700; x_wconf 87' lang='lat' dir='ltr'>indignum</span> <span class='ocrx_word' id='word_1_145' title='bbox 1538 2618 1578 2678; x_wconf 93' lang='lat' dir='ltr'>ut</span> <span class='ocrx_word' id='word_1_146' title='bbox 1601 2609 1646 2680; x_wconf 92' lang='lat' dir='ltr'>ab</span> 
     </span>
     <span class='ocr_line' id='line_1_17' title="bbox 240 2731 1644 2826; baseline 0.001 -24"><span class='ocrx_word' id='word_1_147' title='bbox 240 2731 521 2804; x_wconf 85' lang='lat' dir='ltr'>universitatibus</span> <span class='ocrx_word' id='word_1_148' title='bbox 541 2731 621 2802; x_wconf 91' lang='lat' dir='ltr'>tatia</span> <span class='ocrx_word' id='word_1_149' title='bbox 637 2739 877 2826; x_wconf 82' lang='lat' dir='ltr'>presumuntur</span> <span class='ocrx_word' id='word_1_150' title='bbox 889 2753 958 2823; x_wconf 90' lang='lat' dir='ltr'>que</span> <span class='ocrx_word' id='word_1_151' title='bbox 975 2731 1095 2803; x_wconf 92' lang='lat' dir='ltr'>leduut</span> <span class='ocrx_word' id='word_1_152' title='bbox 1113 2733 1255 2804; x_wconf 86' lang='lat' dir='ltr'>Romani</span> <span class='ocrx_word' id='word_1_153' title='bbox 1270 2733 1403 2825; x_wconf 88' lang='lat' dir='ltr'>imperii</span> <span class='ocrx_word' id='word_1_154' title='bbox 1421 2733 1644 2825; x_wconf 85' lang='lat' dir='ltr'>dignitatem,</span> 
     </span>
     <span class='ocr_line' id='line_1_18' title="bbox 240 2855 1646 2948; baseline 0.003 -22"><span class='ocrx_word' id='word_1_155' title='bbox 240 2864 274 2926; x_wconf 90' lang='lat' dir='ltr'>et</span> <span class='ocrx_word' id='word_1_156' title='bbox 294 2855 331 2926; x_wconf 92' lang='lat' dir='ltr'>iu</span> <span class='ocrx_word' id='word_1_157' title='bbox 352 2856 481 2948; x_wconf 90' lang='lat' dir='ltr'>quibus</span> <span class='ocrx_word' id='word_1_158' title='bbox 500 2855 616 2928; x_wconf 88' lang='lat' dir='ltr'>debite</span> <span class='ocrx_word' id='word_1_159' title='bbox 638 2855 812 2928; x_wconf 87' lang='lat' dir='ltr'>fidelitatis</span> <span class='ocrx_word' id='word_1_160' title='bbox 836 2867 870 2926; x_wconf 90' lang='lat' dir='ltr'>et</span> <span class='ocrx_word' id='word_1_161' title='bbox 890 2855 1111 2946; x_wconf 88' lang='lat' dir='ltr'>subjectionis</span> <span class='ocrx_word' id='word_1_162' title='bbox 1133 2856 1300 2927; x_wconf 85' lang='lat' dir='ltr'>tramitem</span> <span class='ocrx_word' id='word_1_163' title='bbox 1323 2855 1548 2946; x_wconf 86' lang='lat' dir='ltr'>excedentes,</span> <span class='ocrx_word' id='word_1_164' title='bbox 1569 2880 1646 2930; x_wconf 90' lang='lat' dir='ltr'>mo-</span> 
     </span>
     <span class='ocr_line' id='line_1_19' title="bbox 241 2977 1645 3074; baseline 0.003 -26"><span class='ocrx_word' id='word_1_165' title='bbox 241 2979 374 3050; x_wconf 85' lang='lat' dir='ltr'>liuntur</span> <span class='ocrx_word' id='word_1_166' title='bbox 405 2979 472 3050; x_wconf 90' lang='lat' dir='ltr'>sibi</span> <span class='ocrx_word' id='word_1_167' title='bbox 495 2988 625 3074; x_wconf 87' lang='lat' dir='ltr'>partem</span> <span class='ocrx_word' id='word_1_168' title='bbox 654 3000 864 3072; x_wconf 91' lang='lat' dir='ltr'>eorumque</span> <span class='ocrx_word' id='word_1_169' title='bbox 889 2977 935 3051; x_wconf 94' lang='lat' dir='ltr'>ad</span> <span class='ocrx_word' id='word_1_170' title='bbox 963 3000 1096 3050; x_wconf 92' lang='lat' dir='ltr'>merum</span> <span class='ocrx_word' id='word_1_171' title='bbox 1125 2987 1279 3072; x_wconf 88' lang='lat' dir='ltr'>spectant</span> <span class='ocrx_word' id='word_1_172' title='bbox 1305 2977 1487 3072; x_wconf 91' lang='lat' dir='ltr'>imperium</span> <span class='ocrx_word' id='word_1_173' title='bbox 1518 2981 1645 3052; x_wconf 91' lang='lat' dir='ltr'>vendi-</span> 
     </span>
     <span class='ocr_line' id='line_1_20' title="bbox 238 3102 1642 3198; baseline -0.001 -20"><span class='ocrx_word' id='word_1_174' title='bbox 238 3126 329 3194; x_wconf 90' lang='lat' dir='ltr'>care,</span> <span class='ocrx_word' id='word_1_175' title='bbox 351 3126 415 3176; x_wconf 93' lang='lat' dir='ltr'>nec</span> <span class='ocrx_word' id='word_1_176' title='bbox 438 3103 580 3176; x_wconf 89' lang='lat' dir='ltr'>comites</span> <span class='ocrx_word' id='word_1_177' title='bbox 597 3104 774 3175; x_wconf 87' lang='lat' dir='ltr'>Provincia</span> <span class='ocrx_word' id='word_1_178' title='bbox 793 3112 828 3175; x_wconf 90' lang='lat' dir='ltr'>et</span> <span class='ocrx_word' id='word_1_179' title='bbox 842 3103 1071 3198; x_wconf 89' lang='lat' dir='ltr'>Forcalquerii</span> <span class='ocrx_word' id='word_1_180' title='bbox 1091 3103 1213 3175; x_wconf 88' lang='lat' dir='ltr'>eadem</span> <span class='ocrx_word' id='word_1_181' title='bbox 1232 3102 1420 3175; x_wconf 88' lang='lat' dir='ltr'>concedere</span> <span class='ocrx_word' id='word_1_182' title='bbox 1445 3113 1642 3198; x_wconf 89' lang='lat' dir='ltr'>potuerunt,</span> 
     </span>
     <span class='ocr_line' id='line_1_21' title="bbox 238 3225 1644 3324; baseline 0.001 -26"><span class='ocrx_word' id='word_1_183' title='bbox 238 3249 346 3322; x_wconf 91' lang='lat' dir='ltr'>quum</span> <span class='ocrx_word' id='word_1_184' title='bbox 363 3225 410 3322; x_wconf 82' lang='lat' dir='ltr'>(b)</span> <span class='ocrx_word' id='word_1_185' title='bbox 426 3237 541 3300; x_wconf 88' lang='lat' dir='ltr'>nostra</span> <span class='ocrx_word' id='word_1_186' title='bbox 560 3228 698 3299; x_wconf 90' lang='lat' dir='ltr'>interest</span> <span class='ocrx_word' id='word_1_187' title='bbox 721 3226 921 3318; x_wconf 87' lang='lat' dir='ltr'>hujusmodi</span> <span class='ocrx_word' id='word_1_188' title='bbox 939 3226 1198 3299; x_wconf 87' lang='lat' dir='ltr'>enormitatibus</span> <span class='ocrx_word' id='word_1_189' title='bbox 1216 3227 1371 3316; x_wconf 88' lang='lat' dir='ltr'>obviare,</span> <span class='ocrx_word' id='word_1_190' title='bbox 1392 3248 1455 3298; x_wconf 88' lang='lat' dir='ltr'>nce</span> <span class='ocrx_word' id='word_1_191' title='bbox 1473 3249 1520 3298; x_wconf 88' lang='lat' dir='ltr'>ex</span> <span class='ocrx_word' id='word_1_192' title='bbox 1536 3227 1644 3324; x_wconf 92' lang='lat' dir='ltr'>impe-</span> 
     </span>
     <span class='ocr_line' id='line_1_22' title="bbox 239 3349 1645 3446; baseline 0.004 -26"><span class='ocrx_word' id='word_1_193' title='bbox 239 3351 310 3422; x_wconf 88' lang='lat' dir='ltr'>riali</span> <span class='ocrx_word' id='word_1_194' title='bbox 337 3353 537 3424; x_wconf 86' lang='lat' dir='ltr'>auctoritate</span> <span class='ocrx_word' id='word_1_195' title='bbox 561 3361 630 3423; x_wconf 93' lang='lat' dir='ltr'>tam</span> <span class='ocrx_word' id='word_1_196' title='bbox 650 3351 924 3444; x_wconf 88' lang='lat' dir='ltr'>jurisdictiones,</span> <span class='ocrx_word' id='word_1_197' title='bbox 948 3352 1166 3438; x_wconf 88' lang='lat' dir='ltr'>consulatus,</span> <span class='ocrx_word' id='word_1_198' title='bbox 1192 3349 1379 3445; x_wconf 82' lang='lat' dir='ltr'>regimina,</span> <span class='ocrx_word' id='word_1_199' title='bbox 1404 3360 1587 3446; x_wconf 89' lang='lat' dir='ltr'>potestates</span> <span class='ocrx_word' id='word_1_200' title='bbox 1611 3363 1645 3425; x_wconf 90' lang='lat' dir='ltr'>et</span> 
     </span>
     <span class='ocr_line' id='line_1_23' title="bbox 239 3473 1645 3571; baseline 0.001 -25"><span class='ocrx_word' id='word_1_201' title='bbox 239 3483 365 3547; x_wconf 87' lang='lat' dir='ltr'>statuta</span> <span class='ocrx_word' id='word_1_202' title='bbox 387 3483 500 3547; x_wconf 86' lang='lat' dir='ltr'>cetera</span> <span class='ocrx_word' id='word_1_203' title='bbox 525 3497 586 3570; x_wconf 90' lang='lat' dir='ltr'>per</span> <span class='ocrx_word' id='word_1_204' title='bbox 610 3475 849 3548; x_wconf 89' lang='lat' dir='ltr'>universitates</span> <span class='ocrx_word' id='word_1_205' title='bbox 870 3475 1048 3547; x_wconf 87' lang='lat' dir='ltr'>civitatum</span> <span class='ocrx_word' id='word_1_206' title='bbox 1072 3475 1233 3562; x_wconf 89' lang='lat' dir='ltr'>inventa,</span> <span class='ocrx_word' id='word_1_207' title='bbox 1261 3475 1471 3571; x_wconf 91' lang='lat' dir='ltr'>insuperque</span> <span class='ocrx_word' id='word_1_208' title='bbox 1494 3473 1539 3571; x_wconf 81' lang='lat' dir='ltr'>(a)</span> <span class='ocrx_word' id='word_1_209' title='bbox 1558 3499 1645 3550; x_wconf 94' lang='lat' dir='ltr'>con-</span> 
     </span>
     <span class='ocr_line' id='line_1_24' title="bbox 239 3599 1646 3695; baseline 0.003 -23"><span class='ocrx_word' id='word_1_210' title='bbox 239 3600 410 3672; x_wconf 85' lang='lat' dir='ltr'>cessiones</span> <span class='ocrx_word' id='word_1_211' title='bbox 428 3599 602 3694; x_wconf 89' lang='lat' dir='ltr'>superbis</span> <span class='ocrx_word' id='word_1_212' title='bbox 619 3623 681 3695; x_wconf 90' lang='lat' dir='ltr'>per</span> <span class='ocrx_word' id='word_1_213' title='bbox 698 3599 838 3672; x_wconf 80' lang='lat' dir='ltr'>minitas</span> <span class='ocrx_word' id='word_1_214' title='bbox 860 3599 1037 3672; x_wconf 89' lang='lat' dir='ltr'>Provincie</span> <span class='ocrx_word' id='word_1_215' title='bbox 1050 3610 1085 3671; x_wconf 85' lang='lat' dir='ltr'>et</span> <span class='ocrx_word' id='word_1_216' title='bbox 1102 3601 1332 3693; x_wconf 88' lang='lat' dir='ltr'>Forcalquerii</span> <span class='ocrx_word' id='word_1_217' title='bbox 1354 3601 1399 3672; x_wconf 86' lang='lat' dir='ltr'>ab</span> <span class='ocrx_word' id='word_1_218' title='bbox 1421 3601 1472 3672; x_wconf 87' lang='lat' dir='ltr'>eis</span> <span class='ocrx_word' id='word_1_219' title='bbox 1490 3602 1646 3676; x_wconf 85' lang='lat' dir='ltr'>obtentas</span> 
     </span>
     <span class='ocr_line' id='line_1_25' title="bbox 239 3724 1646 3811; baseline 0.002 -14"><span class='ocrx_word' id='word_1_220' title='bbox 239 3745 284 3797; x_wconf 87' lang='lat' dir='ltr'>ex</span> <span class='ocrx_word' id='word_1_221' title='bbox 302 3735 392 3796; x_wconf 88' lang='lat' dir='ltr'>certa</span> <span class='ocrx_word' id='word_1_222' title='bbox 417 3725 560 3796; x_wconf 86' lang='lat' dir='ltr'>scientia</span> <span class='ocrx_word' id='word_1_223' title='bbox 577 3747 781 3796; x_wconf 90' lang='lat' dir='ltr'>revocamus</span> <span class='ocrx_word' id='word_1_224' title='bbox 800 3733 835 3796; x_wconf 89' lang='lat' dir='ltr'>et</span> <span class='ocrx_word' id='word_1_225' title='bbox 858 3724 973 3796; x_wconf 89' lang='lat' dir='ltr'>inania</span> <span class='ocrx_word' id='word_1_226' title='bbox 994 3745 1070 3796; x_wconf 91' lang='lat' dir='ltr'>esse</span> <span class='ocrx_word' id='word_1_227' title='bbox 1093 3745 1294 3811; x_wconf 88' lang='lat' dir='ltr'>censemus,</span> <span class='ocrx_word' id='word_1_228' title='bbox 1317 3725 1440 3798; x_wconf 88' lang='lat' dir='ltr'>similia</span> <span class='ocrx_word' id='word_1_229' title='bbox 1466 3724 1511 3798; x_wconf 92' lang='lat' dir='ltr'>de</span> <span class='ocrx_word' id='word_1_230' title='bbox 1535 3735 1646 3800; x_wconf 87' lang='lat' dir='ltr'>cetero</span> 
     </span>
     <span class='ocr_line' id='line_1_26' title="bbox 238 3848 1646 3944; baseline 0.002 -24"><span class='ocrx_word' id='word_1_231' title='bbox 238 3849 312 3922; x_wconf 91' lang='lat' dir='ltr'>fieri</span> <span class='ocrx_word' id='word_1_232' title='bbox 332 3849 564 3944; x_wconf 84' lang='lat' dir='ltr'>prohibentes.</span> <span class='ocrx_word' id='word_1_233' title='bbox 583 3849 787 3922; x_wconf 87' lang='lat' dir='ltr'>Maudamue</span> <span class='ocrx_word' id='word_1_234' title='bbox 804 3849 910 3944; x_wconf 90' lang='lat' dir='ltr'>igitur</span> <span class='ocrx_word' id='word_1_235' title='bbox 926 3859 960 3922; x_wconf 88' lang='lat' dir='ltr'>et</span> <span class='ocrx_word' id='word_1_236' title='bbox 975 3849 1123 3944; x_wconf 89' lang='lat' dir='ltr'>presenti</span> <span class='ocrx_word' id='word_1_237' title='bbox 1143 3857 1330 3922; x_wconf 89' lang='lat' dir='ltr'>statuentes</span> <span class='ocrx_word' id='word_1_238' title='bbox 1346 3848 1519 3920; x_wconf 87' lang='lat' dir='ltr'>sancimus</span> <span class='ocrx_word' id='word_1_239' title='bbox 1533 3850 1646 3924; x_wconf 89' lang='lat' dir='ltr'>edicto</span> 
     </span>
     <span class='ocr_line' id='line_1_27' title="bbox 238 3972 1646 4070; baseline 0.002 -25"><span class='ocrx_word' id='word_1_240' title='bbox 238 3973 305 4045; x_wconf 88' lang='lat' dir='ltr'>sub</span> <span class='ocrx_word' id='word_1_241' title='bbox 323 3995 411 4069; x_wconf 84' lang='lat' dir='ltr'>pena</span> <span class='ocrx_word' id='word_1_242' title='bbox 416 4022 557 4044; x_wconf 93' lang='grc'><strong>.....</strong></span> <span class='ocrx_word' id='word_1_243' title='bbox 578 3973 744 4044; x_wconf 89' lang='lat' dir='ltr'>librarum</span> <span class='ocrx_word' id='word_1_244' title='bbox 768 3973 842 4046; x_wconf 90' lang='lat' dir='ltr'>auri</span> <span class='ocrx_word' id='word_1_245' title='bbox 858 3973 1003 4068; x_wconf 91' lang='lat' dir='ltr'>singulis</span> <span class='ocrx_word' id='word_1_246' title='bbox 1021 3972 1304 4046; x_wconf 88' lang='lat' dir='ltr'>universitatibus</span> <span class='ocrx_word' id='word_1_247' title='bbox 1319 3973 1537 4067; x_wconf 88' lang='lat' dir='ltr'>injungentes</span> <span class='ocrx_word' id='word_1_248' title='bbox 1553 3998 1646 4070; x_wconf 88' lang='lat' dir='ltr'>qua-</span> 
     </span>
     <span class='ocr_line' id='line_1_28' title="bbox 238 4095 1646 4193; baseline 0 -23"><span class='ocrx_word' id='word_1_249' title='bbox 238 4108 339 4170; x_wconf 87' lang='lat' dir='ltr'>tenus</span> <span class='ocrx_word' id='word_1_250' title='bbox 362 4098 407 4170; x_wconf 90' lang='lat' dir='ltr'>ab</span> <span class='ocrx_word' id='word_1_251' title='bbox 430 4095 562 4172; x_wconf 90' lang='lat' dir='ltr'>eisdem</span> <span class='ocrx_word' id='word_1_252' title='bbox 582 4102 680 4192; x_wconf 91' lang='lat' dir='ltr'>[que]</span> <span class='ocrx_word' id='word_1_253' title='bbox 701 4099 952 4172; x_wconf 88' lang='lat' dir='ltr'>interdicuntur</span> <span class='ocrx_word' id='word_1_254' title='bbox 969 4097 1207 4193; x_wconf 87' lang='lat' dir='ltr'>potestatibus,</span> <span class='ocrx_word' id='word_1_255' title='bbox 1226 4097 1472 4190; x_wconf 87' lang='lat' dir='ltr'>consulatibus,</span> <span class='ocrx_word' id='word_1_256' title='bbox 1498 4098 1646 4193; x_wconf 89' lang='lat' dir='ltr'>regimi-</span> 
     </span>
     <span class='ocr_line' id='line_1_29' title="bbox 238 4221 1642 4318; baseline 0.001 -25"><span class='ocrx_word' id='word_1_257' title='bbox 238 4221 342 4294; x_wconf 90' lang='lat' dir='ltr'>nibus</span> <span class='ocrx_word' id='word_1_258' title='bbox 359 4232 393 4296; x_wconf 90' lang='lat' dir='ltr'>et</span> <span class='ocrx_word' id='word_1_259' title='bbox 405 4223 541 4294; x_wconf 84' lang='lat' dir='ltr'>statutis</span> <span class='ocrx_word' id='word_1_260' title='bbox 555 4221 718 4318; x_wconf 90' lang='lat' dir='ltr'>deinceps</span> <span class='ocrx_word' id='word_1_261' title='bbox 736 4223 876 4295; x_wconf 91' lang='lat' dir='ltr'>omuino</span> <span class='ocrx_word' id='word_1_262' title='bbox 894 4230 1038 4314; x_wconf 86' lang='lat' dir='ltr'>cessent,</span> <span class='ocrx_word' id='word_1_263' title='bbox 1060 4230 1095 4293; x_wconf 92' lang='lat' dir='ltr'>et</span> <span class='ocrx_word' id='word_1_264' title='bbox 1110 4221 1206 4294; x_wconf 89' lang='lat' dir='ltr'>nulla</span> <span class='ocrx_word' id='word_1_265' title='bbox 1220 4223 1426 4296; x_wconf 88' lang='lat' dir='ltr'>universitas</span> <span class='ocrx_word' id='word_1_266' title='bbox 1446 4221 1642 4316; x_wconf 88' lang='lat' dir='ltr'>civitatum,</span> 
     </span>
    </p>
   </div>
   <div class='ocr_carea' id='block_1_5' title="bbox 238 4347 1645 4579">
    <p class='ocr_par' dir='ltr' id='par_1_5' title="bbox 238 4347 1645 4579">
     <span class='ocr_line' id='line_1_30' title="bbox 238 4347 1645 4445; baseline 0.002 -26"><span class='ocrx_word' id='word_1_267' title='bbox 238 4347 398 4420; x_wconf 90' lang='lat' dir='ltr'>villarum</span> <span class='ocrx_word' id='word_1_268' title='bbox 418 4369 480 4420; x_wconf 92' lang='lat' dir='ltr'>seu</span> <span class='ocrx_word' id='word_1_269' title='bbox 502 4348 654 4419; x_wconf 84' lang='lat' dir='ltr'>locorum</span> <span class='ocrx_word' id='word_1_270' title='bbox 681 4369 722 4420; x_wconf 90' lang='lat' dir='ltr'>ea</span> <span class='ocrx_word' id='word_1_271' title='bbox 745 4369 907 4421; x_wconf 86' lang='lat' dir='ltr'>exercere</span> <span class='ocrx_word' id='word_1_272' title='bbox 929 4355 1129 4442; x_wconf 88' lang='lat' dir='ltr'>presumant</span> <span class='ocrx_word' id='word_1_273' title='bbox 1150 4347 1207 4420; x_wconf 90' lang='lat' dir='ltr'>vel</span> <span class='ocrx_word' id='word_1_274' title='bbox 1230 4347 1347 4421; x_wconf 88' lang='lat' dir='ltr'>inania</span> <span class='ocrx_word' id='word_1_275' title='bbox 1369 4347 1494 4422; x_wconf 86' lang='lat' dir='ltr'>similia</span> <span class='ocrx_word' id='word_1_276' title='bbox 1518 4369 1645 4445; x_wconf 89' lang='lat' dir='ltr'>accep-</span> 
     </span>
     <span class='ocr_line' id='line_1_31' title="bbox 279 4494 1240 4579; baseline 0.006 -23"><span class='ocrx_word' id='word_1_277' title='bbox 279 4495 320 4576; x_wconf 80' lang='grc' dir='ltr'>(α)</span> <span class='ocrx_word' id='word_1_278' title='bbox 343 4497 547 4558; x_wconf 83' lang='lat' dir='ltr'>Verlslmlllter</span> <span class='ocrx_word' id='word_1_279' title='bbox 560 4498 715 4576; x_wconf 86' lang='lat' dir='ltr'>legandum</span> <span class='ocrx_word' id='word_1_280' title='bbox 730 4515 738 4556; x_wconf 76' lang='grc' dir='ltr'><strong><em>ε</em></strong></span> <span class='ocrx_word' id='word_1_281' title='bbox 754 4494 866 4558; x_wconf 78' lang='lat' dir='ltr'>litteras</span> <span class='ocrx_word' id='word_1_282' title='bbox 879 4515 951 4579; x_wconf 73' lang='lat' dir='ltr'>qam</span> <span class='ocrx_word' id='word_1_283' title='bbox 958 4514 1015 4578; x_wconf 78' lang='lat' dir='ltr'>per</span> <span class='ocrx_word' id='word_1_284' title='bbox 1027 4498 1240 4562; x_wconf 68' lang='lat' dir='ltr'>emundamur.</span> 
     </span>
    </p>
   </div>
   <div class='ocr_carea' id='block_1_6' title="bbox 278 4601 882 4790">
    <p class='ocr_par' dir='ltr' id='par_1_6' title="bbox 278 4601 882 4790">
     <span class='ocr_line' id='line_1_32' title="bbox 279 4601 851 4683; baseline 0.003 -21"><span class='ocrx_word' id='word_1_285' title='bbox 279 4602 318 4680; x_wconf 83' lang='lat' dir='ltr'>(t)</span> <span class='ocrx_word' id='word_1_286' title='bbox 341 4605 376 4664; x_wconf 94' lang='lat' dir='ltr'>In</span> <span class='ocrx_word' id='word_1_287' title='bbox 389 4606 537 4680; x_wconf 84' lang='lat' dir='ltr'>impressis</span> <span class='ocrx_word' id='word_1_288' title='bbox 554 4601 639 4683; x_wconf 66' lang='lat' dir='ltr'>quod</span> <span class='ocrx_word' id='word_1_289' title='bbox 654 4606 752 4664; x_wconf 84' lang='lat' dir='ltr'>miuus</span> <span class='ocrx_word' id='word_1_290' title='bbox 763 4611 851 4664; x_wconf 87' lang='lat' dir='ltr'>recte.</span> 
     </span>
     <span class='ocr_line' id='line_1_33' title="bbox 278 4703 882 4790; baseline 0.008 -24"><span class='ocrx_word' id='word_1_291' title='bbox 278 4703 313 4790; x_wconf 77' lang='lat' dir='ltr'>tc)</span> <span class='ocrx_word' id='word_1_292' title='bbox 334 4709 427 4786; x_wconf 79' lang='lat' dir='ltr'>Apud</span> <span class='ocrx_word' id='word_1_293' title='bbox 436 4712 538 4787; x_wconf 88' lang='lat' dir='ltr'>Pupon</span> <span class='ocrx_word' id='word_1_294' title='bbox 547 4727 669 4789; x_wconf 78' lang='lat' dir='ltr'>perque,</span> <span class='ocrx_word' id='word_1_295' title='bbox 685 4712 782 4770; x_wconf 83' lang='lat' dir='ltr'>miuus</span> <span class='ocrx_word' id='word_1_296' title='bbox 795 4717 882 4772; x_wconf 85' lang='lat' dir='ltr'>recte.</span> 
     </span>
    </p>
   </div>
   <div class='ocr_carea' id='block_1_7' title="bbox 0 0 2175 5908">
    <p class='ocr_par' dir='ltr' id='par_1_7' title="bbox 0 0 2175 5908">
     <span class='ocr_line' id='line_1_34' title="bbox 0 0 2175 5908; baseline 0 0"><span class='ocrx_word' id='word_1_297' title='bbox 0 0 2175 5908; x_wconf 95' lang='lat' dir='ltr'> </span> 
     </span>
    </p>
   </div>
  </div>
 </body>
</html>
