4330 5914
183 618 284 680 lenter.
304 613 364 700 ll.]
632 610 830 674 HISTORIA
857 602 1153 675 ntt’tontertdt.
1543 613 1603 676 759

184 753 405 828 donationem
435 771 541 846 quam
571 748 698 824 dilecto
726 758 845 824 nostro
872 749 1035 826 Alberuui
1064 751 1181 826 ebbeti
1204 751 1350 846 ejusque
1372 751 1535 825 fratribus
1562 751 1598 824 in

183 881 412 966 Novocastro,
432 878 506 950 Deo
521 883 556 948 et
575 875 677 949 beate
697 875 805 950 blarie
818 875 948 970 jugiter
963 877 1212 950 famulantibus
1236 897 1302 949 nec
1319 897 1389 950 non
1406 897 1469 973 pre
1482 885 1599 950 nostra

184 1013 435 1100 parentumque
449 1007 643 1074 nostrorum
657 1001 768 1073 salute
780 1000 930 1076 interdiu
945 1002 1137 1090 orantibus,
1152 1002 1297 1076 contulit
1319 1002 1355 1074 in
1376 1011 1597 1099 perpetuum,

185 1137 295 1202 ratum
311 1150 353 1201 ae
369 1126 504 1200 firmam
519 1145 720 1222 permanere
735 1125 1013 1221 dogmatibamns
1027 1125 1091 1224 (o).
1107 1127 1228 1214 Qualis
1244 1135 1360 1200 autem
1378 1127 1443 1200 hec
1459 1127 1600 1204 donatio

185 1253 309 1344 luerit,
327 1251 364 1324 in
377 1251 527 1347 presenti
540 1250 706 1348 rescripto
720 1251 882 1326 discretio
899 1265 1014 1326 vestra
1033 1273 1240 1348 cognoscere
1255 1252 1402 1348 poterit:

233 1376 429 1452 Fridericue
448 1375 623 1450 secundus
644 1377 765 1452 diviua
786 1378 924 1452 favente
942 1379 1123 1453 clementia
1144 1377 1375 1452 Romanorum
1400 1378 1597 1474 imperator,

186 1525 323 1599 semper
342 1510 513 1596 augustus
536 1510 572 1574 et
595 1523 660 1575 rex
677 1502 806 1596 Sicilie,
828 1503 991 1576 omnibus
1010 1503 1046 1576 in
1066 1513 1285 1600 perpetuum.
1304 1504 1390 1576 Cum
1413 1503 1602 1600 imperialis

186 1629 373 1702 eminentia
401 1640 436 1701 et
467 1637 630 1702 consuete
659 1627 893 1702 benivolentia
916 1629 1176 1723 habundantia,
1204 1639 1271 1705 etc.
1300 1625 1482 1728 [Sequitur
1501 1639 1539 1700 at
1563 1631 1601 1702 in

183 1751 376 1846 praeilept'o,
400 1753 471 1824 dot.
493 1751 587 1846 epod
609 1752 784 1824 Civitatem
807 1749 853 1828 tt
878 1753 1018 1826 brool.
1041 1755 1137 1832 1222
1159 1752 1258 1851 (ride
1284 1775 1406 1850 supra,
1432 1777 1469 1850 p.
1493 1751 1599 1852 278),

186 1877 256 1948 aiei
281 1877 368 1971 qaod
391 1877 591 1949 terminator
618 1873 668 1948 tis
688 1878 791 1948 verbis
820 1876 933 1972 sigillo
966 1879 1155 1970 majestatis
1183 1889 1298 1953 nostra
1325 1879 1597 1972 communitum,

187 2003 315 2074 anem
329 2003 513 2074 nominibus
530 2004 661 2075 tertium
677 2012 709 2076 et
725 2003 954 2099 chronoloqicis
971 2001 1087 2102 colb]

236 2128 287 2201 Dc
303 2138 433 2220 cetero,
453 2127 543 2201 sieut
555 2129 591 2200 in
609 2127 774 2224 rescripto
790 2127 929 2223 gloriosi
948 2129 1055 2224 patris
1070 2129 1175 2202 nostri
1193 2128 1308 2222 legere
1325 2129 1500 2226 potuistis,
1518 2129 1600 2224 quia

189 2251 411 2327 donationem
434 2253 535 2326 navis
562 2274 668 2348 quarn
693 2254 731 2325 iu
755 2253 978 2327 elemosinam
1007 2253 1142 2328 devotis
1169 2253 1332 2327 iratribus
1359 2263 1394 2328 et
1422 2255 1601 2329 monachis

188 2378 313 2451 nostris
333 2377 370 2451 iu
387 2377 598 2452 Novoeastm
621 2377 783 2473 contulit,
805 2387 876 2451 tam
893 2377 960 2452 sibi
981 2401 1088 2474 quam
1105 2377 1238 2450 eunctis
1253 2379 1454 2474 parentibus
1476 2377 1602 2453 nostris

189 2525 254 2578 nec
271 2525 342 2577 non
367 2511 402 2578 ct
429 2503 686 2600 nobismetipsis
708 2525 822 2578 coram
850 2507 922 2578 Deo
948 2503 1162 2578 adsalutem
1184 2503 1348 2598 prodesse
1378 2503 1604 2599 confidimus,-

189 2628 372 2704 stetuimus
392 2628 546 2703 districta
566 2629 794 2726 precipientes
809 2629 975 2726 quatinus
991 2631 1122 2725 prelata
1148 2630 1248 2704 navis
1265 2629 1341 2704 sine
1358 2632 1453 2704 omui
1474 2634 1603 2707 lesione

188 2763 224 2827 et
246 2754 464 2830 intestatione
478 2763 538 2828 aut
550 2753 698 2828 thelonei
710 2755 893 2828 exactione
904 2755 962 2828 vel
978 2755 1119 2830 alterius
1129 2757 1369 2852 cujuscunque
1383 2758 1502 2851 injusti
1516 2759 1602 2834 lucri

189 2880 467 2976 expostulatione
489 2901 552 2976 per
568 2880 707 2954 alveum
722 2880 833 2954 Rheni
845 2901 957 2975 usque
972 2878 1020 2954 ad
1037 2900 1238 2972 occeanum,
1253 2902 1464 2978 quocunque
1483 2884 1604 2958 tratres

189 3004 362 3078 voluerint
388 3006 446 3080 vel
470 3005 703 3079 necessarium
726 3005 929 3098 habuerint,
955 3005 1128 3080 liberrime
1151 3005 1341 3081 descendat
1363 3016 1399 3080 et
1423 3009 1600 3084 escendat.

190 3130 398 3228 Quicunque
418 3152 502 3205 vero
523 3131 607 3204 huic
622 3140 738 3205 nostre
756 3131 989 3208 constitutioni
1005 3133 1130 3230 quavis
1146 3132 1326 3207 occasione
1340 3133 1482 3208 obviare
1495 3143 1604 3234 temp

190 3256 334 3341 taverit,
355 3257 440 3330 sciat
461 3256 558 3352 quod
583 3265 698 3330 nostre
723 3257 911 3350 majestatis
934 3257 1141 3354 pietatisque
1162 3259 1380 3333 clementiam
1398 3260 1550 3352 graviter
1570 3271 1606 3335 at

193 3382 493 3458 inemendabiliter
512 3383 683 3473 offendat3
715 3393 750 3458 et
773 3383 840 3457 boo
865 3386 960 3457 nulla
985 3385 1117 3458 ratione
1136 3385 1276 3479 justicie
1302 3393 1418 3464 nostre
1443 3386 1605 3461 discretio

193 3509 341 3582 inultum
359 3510 456 3584 abire
472 3511 659 3606 permittat.
678 3509 746 3596 Qui
760 3519 876 3583 nutem
895 3510 1006 3606 ipsam
1021 3511 1152 3584 scilicet
1169 3533 1296 3586 navem
1313 3531 1495 3608 cumpace
1512 3533 1607 3586 rece·

193 3634 280 3728 perit
290 3644 326 3708 et
338 3655 419 3708 curn
433 3657 520 3732 pace
534 3635 714 3728 dimiserit,
727 3645 843 3710 nostre
854 3635 1036 3710 clementie
1047 3636 1248 3733 participem
1260 3657 1298 3710 se
1310 3658 1386 3711 esse
1399 3637 1567 3731 noverit(t
1576 3636 1603 3735 ).

241 3758 329 3834 tcta
346 3769 427 3834 sunt
446 3759 512 3835 bec
532 3770 568 3836 et
584 3762 711 3858 scripta
725 3783 817 3836 anno
830 3760 875 3835 ab
894 3761 1130 3835 incarnatione
1144 3761 1282 3836 Domini
1298 3763 1346 3836 Μο
1361 3761 1424 3836 CC⁰
1436 3763 1517 3836 1111ο
1533 3763 1605 3857 111⁰,

234 3986 276 4062 (a)
297 3985 345 4048 Slc
359 3987 392 4047 ln
407 3987 554 4066 orlgluult.
569 3989 774 4052 Verlslmlllter
786 4005 840 4068 pro
853 3985 1087 4070 doqmutitcmar.

1496 4223 1606 4234 nunna—-

230 4383 267 4460 (t)
285 4385 363 4444 llauc
373 4385 547 4446 donatiouem
559 4387 682 4447 abbatiae
697 4387 882 4463 Neoburgensi
893 4405 909 4446 a
921 4387 1057 4447 Friderico
1070 4394 1099 4446 et
1111 4387 1165 4446 lilio
1178 4402 1228 4446 suo
1240 4385 1354 4445 ilenrico
1368 4386 1465 4444 ladam
1476 4399 1610 4446 mernera-

193 4490 292 4542 reruut
303 4490 334 4542 et
345 4484 587 4558 coutirmnreruut,
608 4494 688 4560 prout
701 4487 735 4546 ad
747 4494 832 4546 terres
849 4503 913 4546 suae
933 4487 1098 4562 pertinebat,
1117 4485 1287 4545 dermannus
1300 4483 1418 4542 mmcldo
1436 4483 1566 4544 badensis
1583 4489 1612 4544 et

194 4597 262 4641 uxor
271 4585 331 4656 ejus
342 4585 525 4660 lrmiugnrdis,
535 4601 607 4644 anuo
619 4585 655 4644 ab
669 4585 851 4645 incarnatione
863 4586 968 4645 Domini
979 4585 1135 4657 nottxxv,
1145 4590 1322 4646 contemnente
1335 4585 1371 4658 ll,
1380 4584 1525 4643 indictione
1534 4584 1608 4654 xut,

195 4689 289 4755 epacta
302 4681 385 4741 llllll.
405 4683 447 4744 Cf.
465 4685 672 4756 tremorem,
691 4687 765 4746 Noc.
779 4683 851 4745 nobs.
865 4683 1019 4761 diplomat„
1035 4691 1100 4744 ton.
1119 4684 1197 4758 xlll,
1208 4701 1237 4760 p.
1251 4683 1318 4754 tto,
1333 4684 1476 4744 ecbertul.
1490 4683 1608 4744 membr.

194 4777 288 4840 abbat.
299 4781 436 4858 Neoburg.
