4324 5912
524 589 587 652 tito
980 589 1109 650 rubuit
1133 589 1489 656 bocbiiurtioitiiit

539 791 649 870 1222

524 897 663 1003 ‘piu’a‘
713 919 748 980 Iu
761 917 866 980 mnis
915 953 949 968 -
973 921 1127 984 annun
1146 921 1272 985 socae
1286 923 1399 986 unae
1415 923 1667 987 moenem
1685 924 1777 986 ome
1795 923 1873 984 aun
1892 939 1944 984 a·

687 999 767 1078 apud
777 999 892 1060 mum·
953 1021 1014 1080 rias
1031 1021 1063 1080 in
1082 1021 1230 1095 iiuisiorl,
1246 1021 1403 1084 dimidium
1421 1039 1559 1084 munaum
1576 1023 1687 1084 ibidem
1706 1028 1803 1082 terrac
1815 1020 1944 1094 maiis,

954 1123 1073 1194 pratum
1086 1121 1164 1178 inter
1179 1126 1311 1180 montem
1324 1119 1436 1181 Lomen
1448 1125 1479 1180 et
1491 1120 1617 1181 durium
1633 1118 1721 1180 Sabcl
1740 1135 1809 1179 cum
1821 1120 1946 1195 piscaria

954 1231 990 1276 ac
1008 1215 1073 1276 loco
1093 1216 1173 1278 dicto
1188 1217 1366 1294 bloicndim,
1386 1235 1464 1296 quae
1483 1217 1562 1280 bona
1578 1217 1703 1280 idibem
1723 1216 1763 1278 de
1782 1215 1946 1278 'Ibanbrim

950 1316 1020 1390 jure
1033 1312 1141 1374 feodali
1153 1315 1192 1374 ab
1206 1318 1331 1392 imperio
1345 1315 1485 1393 possedit.
1888 1321 1944 1374 att

538 1415 656 1486 itaug.
694 1403 749 1500 ,¹¹¹
765 1401 868 1464 teutria
915 1443 955 1456 -
974 1411 1156 1474 Monasteriu
1175 1413 1275 1474 Sancti
1297 1413 1442 1474 lobannis
1460 1413 1498 1474 dc
1514 1413 1600 1475 Flore
1618 1411 1820 1473 cisterciensis
1838 1409 1947 1472 oraim

692 1481 888 1544 ¹¹¹⁰b⁸¹d¹⁰¹¹⁰
954 1510 1110 1587 priuilegia
1125 1527 1144 1570 a
1159 1511 1432 1588 praedecessoribus
1452 1513 1515 1573 suis
1530 1511 1647 1572 indulta
1666 1509 1862 1582 confirmans,
1880 1525 1946 1586 spe·

753 1563 825 1624 Μ’
953 1605 1067 1666 cialitu
1086 1610 1304 1685 exemptionem
1322 1624 1342 1671 a
1360 1613 1506 1686 potestate
1525 1607 1584 1670 lori
1602 1608 1741 1670 secobria
1763 1607 1859 1668 eidem
1875 1623 1947 1667 con·

953 1703 1042 1766 cedit.
1890 1711 1944 1764 aet

529 1811 543 1863 i
568 1798 664 1862 octob
714 1793 865 1858 Catanlae.
915 1835 956 1850 -
975 1802 1015 1862 ii.
1035 1801 1240 1884 (Heinricnm)
1255 1807 1455 1882 praepositum
1468 1805 1506 1866 de
1516 1804 1695 1866 Ranubereu
1708 1803 1842 1882 quanin
1855 1801 1948 1878 capel·

955 1901 1059 1962 lanum
1073 1917 1160 1962 suum
1173 1905 1286 1979 recipit,
1301 1919 1370 1964 cum
1383 1903 1472 1966 bonis
1485 1905 1549 1982 eius
1566 1902 1623 1964 sub
1640 1901 1760 1982 spcdaii
1772 1915 1828 1962 soa
1840 1906 1871 1960 et
1889 1901 1946 1960 im·

956 2001 1398 2076 periiprotectioneconstituit.
1889 2005 1945 2058 ²6⁵

534 2091 661 2156 octobri.
711 2087 875 2152 Messanae·
917 2127 958 2140 -
977 2095 1024 2156 Ad
1046 2099 1289 2174 supplicationem
1310 2099 1462 2162 Tbaddael
1484 2098 1599 2160 abbatis
1625 2099 1798 2160 monasterii
1823 2096 1947 2158 &udas

957 2193 1070 2256 Mariae
1088 2196 1126 2256 de
1143 2198 1279 2259 Ferraria
1304 2203 1335 2258 et
1361 2197 1487 2260 trabum
1513 2201 1599 2276 eius,
1624 2197 1764 2274 inspectis
1787 2195 1948 2274 privilegiis

957 2309 1035 2371 quae
1048 2301 1184 2370 parentes
1201 2297 1248 2358 sul
1266 2295 1362 2356 eidem
1380 2298 1559 2358 monasterio
1575 2293 1776 2368 indulserunt,
1795 2295 1949 2354 universm

956 2395 1154 2470 possessiones
1172 2395 1255 2472 rjus,
1270 2394 1420 2456 libertates
1437 2401 1468 2456 et
1488 2396 1691 2456 immunitates
1712 2398 1861 2466 recenset,
1876 2407 1949 2452 con·

957 2491 1079 2550 ceditet
1092 2491 1261 2556 confirmat.
1891 2496 1949 2548 aad

543 2583 583 2640 tt
597 2581 654 2641 oct
748 2571 838 2650 Apud
918 2587 960 2634 -'-
978 2588 1106 2650 Domine
1119 2607 1213 2668 papae
1232 2594 1389 2654 mnoniccs
1405 2589 1643 2668 cephaludenses
1659 2587 1846 2666 peculiariter
1863 2601 1951 2646 mm-

704 2655 885 2717 mmm·
958 2685 1098 2759 mendat‚
1124 2693 1320 2766 precaturque
1340 2694 1376 2750 ut
1392 2690 1482 2766 iustb
1508 2701 1612 2746 eorum
1638 2683 1775 2762 precibus
1797 2695 1950 2742 assensum

959 2782 1105 2861 praebeat.
1893 2785 1950 2838 tit

542 2879 582 2934 ²⁹
596 2877 656 2936 ⁰⁰⁸·
684 2867 741 2947 Al’·
765 2867 904 2948 Mum·
919 2913 960 2928 -
980 2881 1141 2942 Dominum
1159 2899 1267 2961 papam
1288 2889 1373 2962 rogat
1389 2887 1425 2944 ut
1443 2882 1615 2943 eiectionem
1635 2877 1740 2940 decani
1761 2877 1897 2956 liugonis
1913 2873 1951 2936 ad

960 2979 1245 3058 archiepiscopatum
1271 2983 1443 3059 capuanum
1463 2985 1558 3042 raum
1577 2977 1685 3040 babere
1704 2975 1793 3051 uelit,
1812 2991 1882 3037 cum
1900 2991 1951 3036 ca-

959 3079 1088 3156 pitulum
1110 3078 1169 3141 buc
1190 3097 1285 3159 usque
1302 3081 1414 3142 dbcers
1433 3081 1465 3140 in
1486 3081 1577 3140 istum
1597 3076 1718 3138 tandem
1734 3075 1904 3136 convenerit
1922 3079 1952 3134 et

961 3180 1024 3256 ipse
1042 3177 1180 3240 eumdem
1200 3179 1327 3242 ciseium
1344 3179 1415 3240 buic
1434 3177 1572 3258 dignitati
1588 3173 1785 3238 scindentem
1805 3189 1952 3252 recogno-

960 3281 1048 3339 verit.
1895 3281 1951 3334 ait

543 3385 660 3440 aanor.
687 3373 775 3456 Apud
789 3375 906 3438 sobam
924 3409 963 3426 -
982 3379 1132 3440 Ecclesiae
1150 3379 1301 3440 Romanae
1323 3375 1522 3439 cardinalibus
1544 3373 1646 3437 scribit
1665 3379 1811 3452 quantum
1833 3372 1953 3434 mdeste

961 3478 1064 3538 tulerit
1084 3479 1224 3555 injuriam
1245 3475 1284 3536 ii.
1304 3477 1430 3538 Sanctae
1451 3473 1563 3535 Mariae
1583 3475 1615 3536 io
1633 3471 1791 3534 Coamcdin
1812 3468 1953 3531 cardinali

962 3573 1087 3636 diacum
1110 3579 1141 3634 et
1163 3575 1267 3634 rectori
1295 3571 1421 3635 ducatus
1442 3573 1553 3650 Spoleti
1573 3587 1592 3634 a
1613 3569 1775 3632 Gunrellno
1798 3569 1953 3646 imperialis

963 3669 1050 3731 auiae
1062 3669 1194 3748 daptleru
1203 3669 1332 3743 illatam3
1346 3684 1428 3730 nuuc
1438 3675 1538 3730 autem
1550 3671 1684 3746 ipsorum
1695 3667 1800 3726 litteris
1810 3671 1842 3725 et
1851 3665 1953 3726 nunilo

963 3769 1095 3829 monitus
1116 3767 1197 3845 quod
1218 3769 1276 3828 lete
1297 3765 1411 3844 dapifer
1428 3773 1531 3826 contra
1548 3769 1619 3844 jura
1637 3765 1784 3825 Ecclesiae
1804 3763 1953 3824 Romanae

963 3864 1093 3942 graviter
1107 3863 1312 3935 attentaverit,
1331 3864 1360 3921 ei
1379 3862 1501 3922 mandat
1518 3867 1553 3922 ut
1572 3861 1687 3924 balivas
1703 3859 1852 3920 Ecclesiae
1871 3859 1952 3918 resil-

963 3967 1046 4034 tuat,
1059 3964 1228 4038 iuramenta
1249 3961 1287 4022 ab
1304 3961 1473 4023 bominibus
1485 3961 1523 4022 de
1536 3961 1647 4022 ducatu
1666 3965 1783 4036 recepta
1800 3959 1912 4018 relaxet
1924 3961 1953 4016 et

964 4059 1196 4121 sadsiactionem
1207 4059 1361 4132 exhibeat3
1377 4060 1458 4120 unde
1471 4057 1583 4139 liquide
1595 4063 1789 4138 cognoscatur
1801 4055 1878 4117 baec
1889 4071 1952 4115 om·

964 4157 1504 4238 niasenolenteloisscpraesumpta.
1782 4163 1840 4216 m
1855 4161 1953 4216 eliis

546 4271 667 4324 aanor.
691 4252 967 4332 spatiosam...
986 4259 1095 4322 Scribit
1113 4277 1207 4337 pupae
1225 4259 1263 4320 de
1280 4277 1312 4320 re
1331 4261 1433 4321 eadem
1447 4263 1533 4339 cique
1549 4275 1603 4337 per
1619 4255 1759 4336 speciales
1775 4257 1889 4318 litteras
1900 4255 1954 4315 la-

965 4359 1074 4420 cobum
1102 4361 1272 4437 episcopum
1300 4359 1467 4421 iettensem
1494 4365 1524 4420 et
1550 4359 1754 4419 Hermannum
1783 4357 1954 4433 mugiebant

966 4457 1218 4519 'theutonicorum
1231 4459 1318 4537 plene
1334 4459 1508 4520 auctoritate
1525 4471 1581 4518 sua
1596 4454 1735 4517 sublibus
1754 4469 1843 4531 super
1856 4451 1954 4514 ωᾱοω

966 4555 1261 4633 negotioaudiendos
1274 4557 1472 4618 commendat.
1899 4555 1954 4610 iii

550 4669 589 4723 at
600 4675 671 4723 nov.
694 4657 783 4736 Apud
795 4657 911 4720 lebam.
926 4687 969 4702 -
987 4653 1095 4716 Scribit
1115 4657 1274 4718 Bulbudo
1294 4657 1357 4718 bilo
1376 4657 1525 4736 quondam
1546 4656 1631 4719 ducis
1651 4649 1779 4716 &aradi
1798 4665 1886 4726 super
1903 4662 1954 4708 cx-

968 4756 1248 4836 cessucorrigendo.
1762 4755 1835 4828 att,
1847 4751 1910 4809 not.
1925 4753 1952 4806 i.
