4324 5916
559 593 620 655 882
1085 589 1257 652 HENlllCl
1282 587 1448 652 SEP'l'llll
1782 585 1861 666 [Aur.
1880 583 1965 646 lm

559 727 635 800 dux
653 726 817 822 inquisita
842 725 985 799 veritate
1009 724 1105 821 apud
1128 727 1289 798 Sanctum
1309 723 1460 796 Blasium
1479 719 1638 794 iacienda
1663 721 1873 814 recognovit.
1894 719 1969 792 Sta·

559 851 688 923 tuimus
706 851 808 923 etiam
827 861 866 922 ut
880 853 1136 947 prenominatus
1157 871 1272 924 eomes
1290 851 1420 922 nullam
1440 847 1714 944 procurationem
1732 846 1778 918 ab
1795 845 1922 918 abbate
1936 855 1970 918 et

557 984 731 1049 conventu
750 975 880 1050 ratione
898 975 1136 1050 advocationis
1154 975 1344 1071 requireret
1362 973 1399 1045 in
1413 971 1598 1046 Nativitate
1614 969 1766 1062 Domini,
1786 969 1823 1042 in
1841 970 1970 1043 Pascha

555 1111 590 1173 et
616 1101 652 1172 in
677 1101 892 1193 Pentecoste,
920 1101 988 1174 nisi
1009 1101 1165 1174 essetab
1192 1099 1317 1174 abbate
1340 1109 1376 1172 et
1399 1096 1562 1170 iratribus
1587 1095 1775 1184 invitatus;
1799 1095 1830 1167 si
1855 1103 1969 1167 autem

555 1226 641 1299 alias
661 1225 873 1320 quandoque
887 1226 934 1299 ad
951 1226 1066 1298 locum
1084 1224 1276 1316 accederet,
1301 1223 1386 1296 nihil
1402 1221 1571 1294 malitiose
1590 1222 1637 1294 ab
1654 1221 1705 1294 eis
1722 1219 1889 1315 exigeret,
1906 1216 1971 1292 sed

556 1357 730 1442 gratanter
748 1347 919 1444 acciperet
937 1347 1034 1444 quod
1056 1349 1088 1422 ei
1112 1349 1280 1422 benevole
1299 1354 1512 1442 erogaretur,
1529 1365 1596 1418 nec
1614 1343 1662 1418 ad
1675 1353 1790 1418 onnes
1807 1341 1892 1417 dicti
1912 1363 1970 1416 oe·

556 1472 650 1544 nobii
667 1472 846 1546 accederet
862 1472 1010 1570 hospitia
1030 1475 1086 1546 vel
1104 1474 1172 1546 alia
1193 1473 1335 1546 servitia
1351 1469 1573 1567 requirendo.
1598 1469 1743 1566 Insuper
1758 1470 1970 1564 quicumque

555 1596 600 1670 de
624 1597 821 1672 bominibus
845 1599 989 1672 ecclesie
1013 1598 1059 1672 ab
1079 1599 1204 1672 abbate
1227 1609 1262 1672 et
1288 1597 1449 1671 fratribus
1470 1598 1506 1668 in
1532 1595 1667 1670 eisdem
1688 1595 1844 1668 curtibus
1868 1593 1969 1667 luerit

554 1723 694 1795 villicus
717 1723 775 1796 vel
796 1744 982 1798 economus
1002 1725 1208 1798 constitutus
1233 1737 1268 1798 et
1288 1721 1478 1796 servientes
1500 1743 1621 1794 eorum
1640 1718 1803 1794 conducti
1827 1731 1864 1792 et
1886 1739 1969 1815 pac·

556 1847 616 1921 tati
635 1847 679 1920 ab
694 1848 789 1920 omui
807 1849 990 1923 exactione
1006 1849 1103 1922 liberi
1122 1849 1384 1944 permanebunt.
1405 1845 1501 1920 ldem
1519 1847 1628 1920 abbae
1646 1845 1682 1918 in
1698 1845 1792 1918 villis
1810 1845 1884 1918 suis
1903 1844 1968 1916 vil·

557 1973 640 2044 lioos
659 1971 766 2046 libere
783 1973 986 2064 constituet,
1007 1982 1043 2044 et
1061 1971 1152 2045 duas
1178 1981 1292 2068 partes
1313 1970 1473 2062 babebit,
1497 1992 1613 2044 eomes
1634 1991 1719 2047 vero
1744 1969 1899 2060 tertiam,
1924 1967 1969 2040 de

557 2098 651 2170 omui
675 2105 800 2191 questu
819 2095 997 2189 judiciali;
1019 2096 1049 2168 si
1068 2095 1148 2191 quis
1164 2095 1268 2170 etiam
1289 2095 1335 2170 de
1357 2090 1487 2168 familia
1511 2093 1655 2168 ecclesie
1676 2096 1751 2166 siue
1767 2091 1866 2189 prole
1883 2091 1969 2186 legi-

559 2223 643 2294 tima
666 2220 868 2308 decesserit,
888 2221 1004 2294 omnia
1022 2221 1113 2294 bona
1135 2222 1246 2318 ipsius
1268 2221 1315 2295 ad
1337 2221 1518 2294 ecelesiam
1539 2217 1647 2291 libere
1666 2217 1907 2292 devolvantur.
1927 2215 1969 2288 rt

559 2355 675 2418 autem
697 2345 762 2418 bec
778 2354 894 2418 nostra
917 2346 1113 2418 constitutio
1131 2348 1230 2419 tirma
1250 2355 1284 2418 et
1303 2345 1436 2419 stabilis
1455 2343 1501 2418 de
1519 2352 1631 2416 oetam
1650 2349 1870 2439 permaneat,
1891 2359 1969 2436 pre·

559 2479 673 2544 sentes
690 2469 818 2543 litteras
842 2470 957 2566 sigillo
979 2479 1095 2545 nostro
1112 2483 1147 2545 et
1168 2471 1302 2546 abbatis
1330 2492 1467 2545 necnon
1489 2467 1626 2542 comitis
1647 2467 1792 2540 lecimus
1812 2465 1964 2560 sigillari.

607 2597 722 2668 Testes
747 2605 862 2670 autem
888 2595 1089 2689 hujusmodi
1110 2595 1366 2694 compositionis
1387 2605 1469 2672 sunt
1485 2592 1660 2700 Aruoldns
1683 2591 1793 2666 abbas
1813 2591 1860 2666 de
1878 2591 1969 2664 trur-

558 2717 660 2809 bacb,
682 2717 859 2792 Conradus
879 2718 1033 2793 decanus
1049 2721 1246 2793 Basiliensis
1265 2721 1427 2811 ecclesie,
1444 2720 1524 2792 Otto
1542 2717 1737 2814 prepositus
1753 2716 1869 2790 Sancti
1887 2717 1967 2788 leo·

558 2843 672 2935 nardi,
690 2843 868 2918 Conradus
886 2845 931 2918 de
946 2845 1149 2940 Pleffingen,
1165 2846 1371 2920 Bertboldus
1388 2846 1434 2919 de
1451 2843 1602 2934 Vinnels,
1619 2842 1717 2916 Cnno
1733 2841 1779 2916 de
1793 2843 1964 2938 Telsperg,

558 2966 760 3064 liudolphus
780 2969 904 3062 Dives,
924 2969 1139 3044 Weruberus
1157 2970 1202 3044 de
1220 2971 1383 3064 llenthal,
1401 2969 1536 3043 Ulrious
1552 2967 1818 3060 Kuchimeister,
1838 2966 1967 3040 Ulricus

559 3093 604 3166 de
621 3095 817 3190 loperstorl
831 3103 866 3167 et
884 3094 1037 3168 decanus
1056 3096 1101 3169 de
1118 3097 1372 3192 Vintersiugen,
1388 3103 1423 3167 et
1440 3095 1498 3168 alii
1515 3093 1750 3190 quamplures.

606 3219 730 3291 Datum
745 3219 894 3312 basilee,
912 3241 1004 3293 anno
1021 3221 1184 3294 MCCXll.

608 3342 699 3414 Sane
712 3341 796 3436 quia
811 3340 963 3437 dignitas
977 3351 1012 3417 et
1026 3342 1222 3417 sollicitudo
1241 3343 1444 3418 excellentie
1461 3342 1587 3437 regalis
1599 3337 1783 3434 requirnnt
1796 3344 1836 3408 ut
1847 3357 1889 3409 ea
1902 3355 1969 3431 que

558 3467 618 3564 pie
644 3477 721 3542 acta
746 3475 782 3542 et
807 3479 973 3565 perpetuo
994 3469 1125 3544 sancita
1147 3469 1401 3563 invenerimus,
1427 3467 1584 3563 diligenti
1614 3463 1751 3538 solertia
1783 3461 1969 3537 debeamus

559 3593 596 3666 in
612 3602 839 3686 augmentum
855 3593 988 3690 imperii
1007 3593 1163 3669 fidelium
1180 3615 1398 3685 conservare,
1417 3603 1452 3668 et
1470 3593 1549 3666 licet
1565 3610 1687 3664 omnes
1700 3587 1864 3661 ecclesias
1879 3585 1969 3678 regia

559 3726 739 3792 teneamur
765 3719 966 3794 anctoritate
992 3719 1191 3811 defensare,
1215 3720 1418 3817 propensius
1442 3728 1557 3795 tumen
1582 3713 1786 3787 utilitatibus
1811 3721 1847 3784 et
1868 3709 1968 3784 saluti

559 3842 782 3916 eeclesiarum
798 3843 944 3940 imperio
966 3845 1184 3919 attinentium
1201 3853 1317 3918 nostra
1336 3853 1470 3918 tenetur
1491 3840 1668 3915 sinceritas
1683 3835 1882 3910 subvenire.
1900 3835 1969 3906 Hac

560 3966 678 4062 itaque
698 3968 831 4041 ratione
851 3967 966 4062 ducti,
991 3977 1250 4065 supranotatum
1276 3966 1568 4042 confirmationem
1590 3963 1692 4038 nobis
1717 3959 1907 4035 exhibitam
1927 3957 1970 4030 de

559 4089 776 4186 plenitudine
800 4091 933 4164 consilii
951 4093 1057 4166 nostri
1076 4092 1246 4167 duximus
1264 4091 1537 4167 confirmandam
1557 4098 1592 4163 et
1611 4086 1714 4183 sigilli
1733 4084 1839 4158 nostri
1860 4081 1971 4156 muni·

561 4215 656 4289 mine
676 4215 905 4290 roborandam
921 4214 991 4314 (l);
1010 4227 1200 4294 statuentes
1215 4229 1256 4292 et
1267 4220 1363 4312 regia
1379 4217 1579 4292 auctoritate
1592 4212 1735 4287 firmiter
1746 4209 1971 4307 precipientes

562 4349 603 4413 nt
622 4340 708 4412 nulli
732 4363 886 4436 unquam
910 4363 1055 4437 persone
1076 4344 1209 4418 licitum
1225 4343 1271 4417 sit
1290 4343 1381 4417 bano
1396 4351 1511 4416 nosue
1531 4335 1797 4414 confirmationis
1809 4333 1969 4430 paginam

1806 4533 1827 4544 -
1832 4527 1967 4544 --n-

602 4645 639 4722 (t)
657 4645 732 4715 Quae
746 4647 901 4707 confirmata
913 4651 993 4708 etiam
1008 4651 1059 4708 luit
1070 4668 1086 4709 a
1099 4651 1229 4728 Gregorio
1242 4668 1323 4726 none,
1334 4651 1447 4724 Perusii,
1461 4651 1539 4710 nouis
1552 4645 1713 4720 decembris,
1722 4639 1892 4720 pontificatu
1901 4647 1968 4698 anuo

565 4743 685 4804 seeundo
696 4743 854 4818 lidecumb.
871 4751 961 4821 ⁴228).
975 4748 1060 4821 lota,
1074 4767 1103 4825 p.
1116 4751 1178 4809 278.
