4326 5910
549 647 610 711 sto
1068 645 1240 708 llliNlllCl
1265 647 1439 709 Sliclllllll
1777 649 1857 731 [aar.
1877 651 1960 714 lm

549 781 798 875 nominabitur;
821 781 1062 858 nominatusa
1089 793 1262 857 conuentu
1288 794 1323 857 et
1345 783 1643 882 archipresbytero
1667 784 1884 880 instituetur3
1905 789 1964 860 in-

549 912 690 984 stitutus
706 929 791 983 vero
813 909 859 984 de
880 907 1035 1003 hiisque
1055 907 1102 982 od
1120 929 1242 984 curam
1265 919 1422 1006 spectant
1446 910 1677 1006 parochialem
1701 928 1741 984 se
1768 913 1964 986 nullatenus

548 1035 761 1110 intromittet.
783 1033 1014 1108 Parocbianos
1030 1055 1095 1107 nec
1110 1035 1157 1108 ud
1174 1035 1339 1131 septimos
1357 1054 1423 1108 nec
1442 1035 1490 1108 ud
1507 1035 1696 1108 tricesimos
1713 1057 1777 1109 nec
1794 1036 1843 1110 ad
1865 1040 1963 1112 anni·

545 1160 718 1235 versarios
740 1159 965 1234 celebrandos
986 1180 1050 1232 neo
1066 1179 1212 1256 sponsos
1224 1171 1260 1233 et
1275 1181 1422 1256 sponsas
1436 1159 1483 1234 ad
1496 1160 1713 1233 matrimonia
1729 1160 1961 1236 contrahenda

546 1309 611 1360 uec
630 1297 802 1360 matronae
816 1283 863 1358 ad
878 1283 1134 1380 purificandum
1152 1284 1306 1381 recipiet,
1319 1285 1382 1359 sed
1401 1285 1466 1358 bec
1480 1305 1562 1358 curn
1579 1285 1793 1380 quibuslibet
1809 1287 1962 1360 attinen-

481 1471 485 1482 .
546 1413 603 1484 tiis
622 1411 832 1506 integraliter
847 1433 868 1482 a
883 1409 1027 1482 matrice
1044 1409 1188 1484 ecclesia
1209 1411 1441 1505 requirentur.
1458 1410 1497 1481 ln
1512 1411 1704 1502 majoribus
1715 1433 1858 1507 quoque
1879 1415 1960 1486 anni

545 1536 790 1610 festivitatibus
807 1535 965 1610 homines
979 1535 1061 1607 ville
1074 1531 1263 1629 sepedicta,
1276 1535 1433 1630 exceptis
1445 1535 1563 1630 pueris
1575 1555 1697 1608 eorum
1710 1545 1746 1610 et
1758 1537 1905 1628 andhis,
1915 1539 1961 1613 ad

544 1661 721 1734 matricem
734 1660 1079 1751 currenteodesiam3
1097 1669 1133 1732 et
1149 1667 1290 1755 propter
1303 1659 1595 1732 consecrationem
1613 1671 1801 1737 memorate
1816 1663 1961 1735 ecclesie

541 1787 615 1879 jam
634 1786 840 1860 celebratam
865 1786 982 1858 nullus
1010 1783 1191 1857 hominum
1218 1783 1377 1878 ejusdem
1399 1785 1481 1861 ville
1507 1785 1642 1882 aliquid
1665 1787 1702 1858 in
1730 1787 1961 1884 prejudicium

546 1911 747 1985 werdensis
772 1911 916 1986 ecclesie
941 1911 1016 1984 sive
1041 1908 1204 2006 parochie
1229 1919 1406 2005 presumat
1427 1918 1643 2006 attemptare.
1670 1911 1707 1984 Si
1734 1921 1850 1985 autam
1880 1913 1959 2008 qui·

545 2059 695 2132 cumque
721 2038 920 2133 capellanus
945 2035 1076 2108 ibidem
1102 2035 1303 2110 deserviens
1326 2035 1430 2130 hujus
1455 2035 1682 2109 ordinationis
1710 2037 1874 2110 terminos
1898 2060 1960 2111 ex·

545 2161 668 2236 cedere
691 2161 957 2258 presumpserit,
979 2159 1203 2257 asepedictis
1221 2169 1396 2234 conventu
1419 2169 1455 2233 et
1472 2160 1769 2260 archipresbytero
1785 2162 1862 2235 siue
1878 2183 1960 2236 con·

546 2287 748 2362 tradictione
763 2287 919 2384 qualibet
940 2295 1178 2360 ammoneatur
1192 2295 1227 2359 et
1247 2287 1334 2360 alter
1354 2285 1595 2359 substituatur.
1613 2287 1650 2359 Si
1668 2287 1748 2381 quis
1767 2307 1853 2361 vero
1871 2311 1960 2361 ausu

547 2413 675 2487 ductus
696 2411 877 2486 temerario
898 2411 981 2485 huic
1008 2411 1216 2486 ordinationi
1238 2421 1308 2485 tam
1337 2411 1583 2487 rationabiliter
1604 2413 1692 2485 lecte
1713 2412 1857 2487 obviare
1878 2435 1961 2510 pre-

546 2539 744 2635 sumpserit,
765 2539 1039 2634 indignationem
1052 2537 1298 2633 omnipotentis
1316 2538 1378 2611 llei
1395 2545 1579 2632 nostreque
1591 2537 1778 2630 majestatis
1792 2538 1959 2612 offensam

546 2687 585 2739 se
607 2665 742 2739 noverit
755 2665 953 2738 incurrisse.
981 2661 1038 2736 nd
1064 2664 1169 2758 hujus
1191 2663 1241 2735 rei
1265 2662 1477 2760 perhennem
1500 2663 1700 2736 memoriam
1722 2663 1760 2735 in
1783 2673 1959 2760 posterum

545 2789 746 2864 duraturam
771 2800 964 2888 presentem
989 2787 1120 2863 exinde
1144 2797 1273 2862 cartam
1297 2786 1467 2862 conscribi
1491 2788 1635 2861 lecimus
1657 2797 1694 2861 et
1718 2787 1824 2880 sigilli
1852 2789 1960 2862 nostri

545 2917 737 2990 munimine
755 2915 921 2990 roborari.

592 3045 703 3140 liujus
721 3043 770 3116 rei
784 3051 888 3116 testes
906 3050 988 3114 sunt
999 3041 1088 3136 ung.
1104 3039 1317 3112 Coloniensis
1334 3039 1625 3136 archiepiscopus,
1642 3039 1681 3112 B.
1699 3037 1961 3135 Argentinensis

544 3167 745 3264 episcopus,
764 3167 865 3264 Diop.
893 3165 1045 3240 marchio
1064 3165 1110 3238 de
1126 3165 1323 3260 Hoinburg,
1347 3163 1388 3236 G.
1413 3185 1529 3240 comes
1547 3165 1593 3238 de
1610 3165 1724 3254 Dietz,
1744 3166 1830 3238 Ans.
1849 3185 1958 3236 mars·

544 3295 658 3366 calcus
671 3293 728 3366 -de
746 3293 944 3388 lustingen,
965 3293 1005 3363 Ε.
1028 3290 1163 3386 dapifer
1185 3289 1231 3364 de
1247 3289 1454 3386 Walpurcb,
1475 3290 1523 3362 bl.
1550 3289 1723 3380 noerius,
1744 3287 1782 3361 C.
1806 3289 1959 3362 notanus

543 3417 589 3492 dc
604 3418 791 3513 bopardia,
810 3419 854 3490 Η.
876 3417 922 3492 de
939 3415 1195 3506 Sobarlinbcrc,
1216 3416 1254 3488 F.
1277 3415 1322 3488 de
1339 3417 1469 3506 Tanna,
1480 3423 1516 3488 et
1532 3415 1590 3487 alii
1608 3415 1736 3510 plures.

591 3547 717 3616 Datum
744 3543 840 3640 apud
863 3543 1075 3638 Haginowe,
1103 3563 1194 3618 anno
1220 3539 1396 3614 dominice
1425 3539 1670 3616 incarnationis
1697 3539 1956 3632 dccxxiiii,

544 3671 619 3742 Vlll
639 3669 720 3743 idus
738 3669 943 3762 decembris,
963 3667 1154 3740 indictione
1168 3667 1258 3738 Xlll.

775 3931 919 3948 ραι-ιι...-
926 3931 1069 3942 ..ιο--ι-ιι
1076 3929 1110 3941 u·-
1119 3929 1211 3938 ..ιι--

595 4175 800 4282 Henricus,
824 4173 1085 4256 Romanorum
1107 4195 1193 4275 rex,
1213 4165 1445 4252 monasterio
1463 4163 1673 4248 Lucellensi
1688 4163 1834 4276 (hetzel
1847 4164 1960 4276 juxto

541 4309 747 4420 Basileam)
766 4307 976 4420 qnamdam
994 4303 1239 4387 donationem
1256 4299 1484 4411 impertitur.

624 4506 790 4578 (Memorat.
802 4505 832 4562 at
845 4504 970 4560 sumet.
985 4513 1035 4574 up.
1049 4497 1242 4558 annnu
1258 4491 1386 4574 Epitorr.
1394 4491 1470 4574 suet.
1484 4485 1604 4563 Lucil,
1616 4507 1647 4568 p.
1666 4499 1722 4551 tot
1735 4491 1808 4566 (1).)

577 4747 613 4820 (l)
632 4746 805 4812 blemoratur,
822 4737 904 4812 sord,
920 4755 948 4812 p.
967 4739 1029 4807 t05,
1043 4733 1114 4792 aliud
1127 4732 1293 4812 privilegium
1305 4731 1413 4790 ilenrici
1425 4732 1506 4805 regis,
1519 4747 1574 4806 quo
1586 4731 1674 4788 eidem
1691 4725 1855 4788 monasterio
1872 4743 1958 4788 noras

539 4845 722 4903 immunitates
734 4839 871 4900 concedit:
887 4841 944 4896 dot.
959 4833 1121 4906 Atticirchr't,
1136 4849 1207 4892 unco
1222 4835 1307 4906 ⁴²253
1323 4831 1367 4891 die
1383 4837 1411 4890 et
1424 4845 1515 4889 mense
1529 4847 1582 4889 uon
1596 4829 1741 4905 expressis.
