4326 5910
1085 595 1260 660 flssllllcl
1283 599 1452 662 summ

783 909 1750 924 ——m-ffl—--m-...-„

368 1235 517 1333 ,m
608 1227 816 1336 lienticus,
849 1227 1111 1310 Romanorum
1141 1255 1228 1334 rex,
1262 1229 1487 1312 seutentiam
1523 1257 1592 1340 per
1627 1231 1804 1316 abbatem
1838 1234 1963 1318 Sancti

555 1363 717 1450 Udalriei
735 1365 774 1445 in
795 1363 969 1476 Augusta
986 1363 1226 1474 impetratam
1251 1365 1472 1476 promulgat
1487 1375 1524 1449 et
1541 1367 1767 1450 confirmat:
1788 1367 1963 1452 abbatem

554 1499 792 1610 praedictum
818 1524 896 1580 non
923 1495 1042 1579 tenen
1068 1497 1207 1580 feodali
1231 1497 1318 1606 jure
1348 1499 1528 1612 cuiqnam
1558 1501 1771 1612 persolvere
1795 1501 1961 1612 pellicia,

553 1633 699 1718 calceos
716 1645 754 1716 et
771 1631 910 1715 similia
926 1629 1192 1741 religiosorum
1209 1631 1326 1713 dona.

634 1897 724 1978 (tht.
746 1899 779 1958 tn
797 1895 934 1956 Maon.
955 1895 1089 1968 Botc.,t.
1110 1893 1413 1972 ammam.
1434 1903 1512 1970 61⁴,
1535 1895 1963 1975 ebbella-obrumpat

671 2003 845 2067 Oowcldunr
858 2003 991 2063 lletntncl
1005 2003 1154 2062 noudum
1170 2003 1388 2079 bugum
1400 2019 1473 2063 ιιι.
1489 2011 1568 2064 uto
1578 2003 1736 2078 emim)

601 2249 641 2320 ln
664 2243 805 2318 nomine
825 2251 943 2316 sancte
962 2251 998 2315 et
1016 2241 1200 2316 individue
1217 2243 1404 2316 Trinitatis.
1427 2243 1608 2316 Heinricns
1625 2245 1688 2318 Dei
1709 2247 1820 2338 gratia
1839 2247 1960 2320 berna-

550 2392 675 2446 nornm
688 2391 753 2442 rex
769 2377 804 2440 et
823 2389 959 2464 semper
980 2375 1161 2460 angustus.
1178 2367 1348 2454 Quoniam
1366 2390 1388 2441 a
1405 2390 1488 2464 rege
1502 2369 1567 2442 ceti
1591 2371 1717 2442 terrem
1737 2371 1875 2466 imperii
1896 2394 1962 2444 co-

550 2519 670 2572 ronam
696 2517 819 2568 sumus
842 2493 977 2590 adepti,
1004 2494 1164 2566 meritum
1187 2495 1296 2566 eterni
1320 2495 1419 2590 regni
1447 2503 1482 2567 et
1509 2495 1769 2568 retributionem
1798 2507 1962 2592 perpetua
2034 2485 2039 2496 ’

551 2624 624 2697 vite
639 2643 703 2696 nos
719 2630 918 2716 recepturos
937 2641 1134 2714 speramns,
1151 2620 1182 2692 si
1202 2641 1283 2692 curn
1303 2629 1471 2718 potestate
1488 2641 1561 2716 qna
1576 2619 1623 2692 ah
1640 2621 1716 2717 ipso
1732 2622 1853 2694 ceteris
1869 2645 1961 2694 mor.

550 2750 679 2824 talibus
701 2747 910 2838 eminemus,
933 2742 1168 2817 commoditati
1188 2753 1224 2817 ct
1244 2743 1354 2838 quieti
1379 2743 1618 2838 religiosorum
1640 2745 1793 2818 virerum
1817 2766 1961 2841 promp-

551 2875 655 2948 tiores
678 2871 865 2946 extitemns
882 2869 968 2966 (aab).
987 2871 1038 2942 Ea
1057 2879 1196 2966 prepter
1223 2879 1344 2942 notum
1371 2890 1448 2941 csse
1473 2869 1637 2942 volumus
1655 2869 1817 2942 omnihus
1836 2867 1960 2940 Christi

551 2998 713 3072 fidelibus
727 3007 762 3070 et
775 2995 939 3092 precipue
952 2994 1051 3088 regni
1064 2993 1272 3090 primoribus
1286 3003 1357 3068 hm
1370 2994 1496 3066 futuris
1509 3017 1615 3088 quam
1629 2993 1846 3090 presentibus
1863 2993 1960 3088 quod

550 3127 659 3198 abbas
677 3121 873 3196 monasterii
889 3119 1007 3193 Sancti
1025 3119 1177 3192 Udatrioi
1197 3119 1234 3191 in
1254 3117 1413 3214 Augusta
1431 3139 1546 3191 coram
1571 3119 1673 3192 nobis
1694 3141 1756 3216 per
1776 3129 1959 3215 patronum

550 3249 724 3348 querelam
748 3245 926 3343 proposuit
942 3266 981 3318 ae
996 3254 1032 3317 et
1051 3245 1166 3318 locum
1188 3267 1293 3318 suum
1308 3267 1331 3318 a
1347 3243 1465 3316 multis
1488 3243 1643 3317 indebite
1660 3242 1816 3339 maran,
1838 3249 1959 3338 postu·

550 3373 656 3449 lando
678 3373 724 3445 ab
745 3394 788 3445 eo
803 3371 882 3462 jure
898 3369 1024 3443 feodali
1048 3370 1184 3466 pellicia
1209 3379 1244 3442 et
1270 3369 1404 3444 calceos
1426 3369 1614 3464 hyemales.
1631 3368 1731 3442 Unde
1754 3388 1818 3438 nos
1842 3376 1961 3439 anco·

549 3499 649 3573 ritate
670 3508 705 3571 et
725 3506 891 3594 potestate
916 3495 1010 3590 regia
1030 3516 1136 3590 super
1158 3494 1217 3566 tali
1239 3494 1453 3590 impetitione
1471 3493 1641 3586 justitiam
1660 3493 1896 3592 perquirentes
1904 3513 1959 3590 ,a

550 3624 765 3722 principibus
779 3623 875 3718 regni
889 3631 924 3694 et
939 3621 1114 3694 nobilibus
1128 3643 1170 3692 ac
1188 3619 1469 3693 ministerialibus
1481 3641 1595 3692 coram
1612 3619 1713 3692 nohis
1728 3615 1959 3690 assidentibus

549 3751 793 3825 sententiatum
821 3747 887 3820 luit
914 3747 1051 3844 pellicia
1071 3756 1106 3818 et
1131 3745 1265 3819 calceos
1289 3755 1325 3820 et
1352 3745 1478 3818 similia
1503 3743 1740 3840 religiosorum
1767 3741 1860 3815 dona
1887 3763 1957 3814 non

550 3897 651 3974 posse
667 3874 737 3949 dici
760 3873 881 3964 seoda,
906 3893 971 3945 noo
994 3881 1151 3944 constare
1171 3855 1332 3944 abba'tem
1351 3891 1392 3943 ea
1414 3870 1533 3964 aliquo
1551 3871 1631 3962 jure
1647 3868 1810 3962 cuiquam
1827 3867 1956 3962 persol-

548 4021 647 4091 vere,
669 3999 736 4071 nisi
754 3997 801 4071 ad
825 3996 988 4092 placitum
1005 4017 1109 4068 suurn
1125 4003 1187 4068 aut
1209 3994 1443 4067 benivolentia
1459 3993 1607 4086 alicujus
1623 3991 1670 4065 ad
1693 3992 1760 4064 boc
1776 3991 1953 4064 inductus.

547 4126 718 4224 Imperiali
747 4146 873 4220 nempe
903 4123 1084 4198 clementia
1111 4121 1267 4216 vestigiis
1295 4121 1490 4217 genitorum
1519 4129 1713 4194 nostrornm
1740 4118 1954 4210 inherentes,

547 4253 731 4328 cenobium
754 4249 847 4326 beati
872 4247 1022 4324 Udatrioi
1044 4257 1080 4322 ct
1102 4248 1222 4320 tratres
1242 4246 1312 4320 illio
1334 4249 1406 4322 Deo
1427 4245 1615 4320 servientes
1635 4243 1738 4318 tutari
1759 4245 1954 4340 cupientes,

547 4376 734 4472 majestatis
757 4385 873 4448 nostro
892 4374 1094 4448 auctoritate
1109 4371 1303 4445 stabilimus
1320 4382 1356 4445 et
1374 4370 1618 4444 confirmamus
1634 4369 1793 4442 eamdem
1813 4377 1959 4441 senten-

547 4505 647 4594 tiam,
668 4512 707 4574 nt
728 4502 814 4574 nolti
837 4500 883 4576 de
905 4509 1018 4574 cetero
1040 4497 1239 4572 officialium
1260 4507 1454 4570 nostrornm
1479 4507 1515 4569 et
1542 4494 1790 4569 advocatorum
1812 4514 1956 4566 suorum

548 4651 611 4703 seu
643 4627 914 4702 ministerialium
941 4625 1080 4720 majoris
1114 4623 1258 4698 ecclesie
1286 4621 1388 4696 liceat
1417 4621 1570 4718 predicta
1594 4620 1760 4694 violenter
1780 4627 1816 4692 et
1836 4627 1956 4692 contra

549 4755 760 4828 voluntatem
773 4753 908 4826 abbatia
921 4762 957 4826 et
969 4753 1113 4824 fratrum
1124 4771 1267 4824 snorum
1279 4747 1470 4844 postulare3
1487 4757 1524 4820 et
1534 4744 1828 4820 confirmationem
1843 4743 1956 4839 ipsam
