4324 5916
553 575 614 654 e‘re
1105 591 1416 658 auurrauunrs.

556 737 677 824 ponat,
695 726 879 801 dimidium
895 747 1032 801 camere
1046 735 1161 802 nostre
1175 739 1209 802 et
1232 730 1419 806 dimidium
1437 729 1541 805 dictis
1556 731 1712 806 Conrado
1727 741 1764 806 et
1781 733 1970 830 Oppizzoni

557 851 813 924 marchionibus
828 860 864 923 et
880 851 1067 926 heredibus
1084 875 1215 926 eorum.

605 977 677 1072 ligo
703 976 882 1050 Couredus
903 978 965 1050 Dei
988 979 1098 1073 gratia
1121 977 1284 1052 Meteusie
1306 987 1342 1053 et
1366 978 1537 1076 Spirensis
1555 979 1757 1076 epiecopus,
1783 981 1972 1077 imperialis

556 1104 636 1176 aule
650 1101 887 1194 cancellarius,
912 1099 1138 1176 vicedomini
1155 1103 1353 1198 Eogelberti
1368 1103 1580 1178 coloniensis
1600 1087 1849 1202 archiepiscopi
1866 1115 1904 1180 et
1920 1117 1972 1180 lo·

556 1227 626 1298 tius
645 1226 741 1298 ltalie
760 1223 1068 1315 archicancellarii,
1085 1229 1286 1324 recognovi.

605 1351 730 1423 Datum
749 1350 785 1421 iu
803 1351 924 1423 castris
940 1371 1047 1448 prope
1065 1352 1313 1444 Florentinum,
1329 1373 1421 1426 anuo
1442 1351 1617 1426 dominice
1633 1351 1877 1426 iucarnationis
1896 1355 1974 1426 mil-

557 1475 679 1549 lesimo
705 1471 942 1550 ducentesimo
968 1476 1153 1570 vicesimo,
1179 1477 1308 1552 mensis
1331 1477 1542 1570 decembris,
1561 1476 1750 1552 indictione
1768 1499 1881 1568 none,
1914 1499 1973 1550 re-

558 1607 687 1695 gnante
708 1598 848 1673 domino
873 1609 989 1674 nostro
1013 1601 1186 1675 Friderico
1209 1603 1238 1674 ll
1258 1601 1320 1676 Dei
1348 1601 1459 1696 gratia
1486 1601 1716 1675 illustrissimo
1741 1603 1972 1675 Romanorum

559 1723 782 1821 imperatore,
804 1745 940 1821 semper
961 1734 1131 1818 augusto,
1150 1747 1232 1822 rege
1256 1725 1385 1816 Sicilie,
1407 1748 1499 1800 anuo
1523 1747 1605 1799 vcro
1622 1727 1851 1800 Romanorum
1873 1727 1973 1821 regni

559 1851 636 1943 ejus
653 1849 690 1920 in
706 1849 888 1922 Germania
907 1871 1019 1941 nono,
1040 1850 1173 1947 imperii
1197 1873 1281 1926 vero
1304 1853 1380 1948 ejus
1401 1871 1494 1925 anno
1512 1851 1642 1948 primo,
1659 1851 1695 1923 iu
1721 1849 1837 1923 Sicilia
1854 1847 1974 1948 [vice-

560 1969 662 2070 simo]
680 1973 798 2062 tertio,
818 1973 973 2047 feliciter.
995 1973 1118 2047 Amen.

811 2267 1376 2282 Μ--α-κ--ι--ι-μ-ι-ι-ι--ο
1382 2267 1723 2278 --ιο-*Ἦ--ι

359 2542 540 2642 toppum
619 2523 845 2629 Fridericus,
865 2523 1127 2606 Romanorum
1143 2522 1364 2632 imperator,
1382 2519 1583 2606 Nicolaum
1607 2519 1783 2604 abbatem
1809 2529 1847 2603 et
1874 2546 1974 2603 con-

565 2668 720 2744 rentum
738 2656 957 2740 monasterii
985 2655 1113 2738 Sancti
1139 2653 1330 2738 benedicti
1350 2655 1400 2738 de
1418 2653 1637 2764 Cupersano
1662 2653 1703 2736 in
1730 2678 1801 2736 aua
1824 2663 1978 2762 proteo-

565 2793 668 2878 tione
686 2790 859 2900 suscipit,
873 2789 1058 2900 jubetque
1073 2797 1117 2872 ut
1134 2788 1235 2873 idem
1253 2787 1374 2874 abbas
1391 2797 1430 2872 et
1447 2813 1682 2872 successores
1699 2785 1782 2898 ejus
1800 2813 1845 2870 ea
1862 2787 1977 2872 liber-

564 2937 642 3012 tate
659 2927 851 3038 gaudeant
867 2950 946 3035 que
962 2923 1236 3008 monasterium
1250 2932 1420 3032 tempore
1434 2921 1624 3008 Guilielmi
1636 2921 1750 3032 primi
1762 2930 1801 3006 et
1813 2921 1975 3006 eliorum

565 3085 702 3172 regum
719 3059 1050 3168 praedecessorum
1069 3081 1227 3140 suorum
1241 3057 1408 3168 gaudere
1424 3055 1632 3142 consueuit.

647 3247 808 3325 (Memorat
824 3263 874 3325 ap.
889 3243 1422 3328 Purrrm1,l>istrrtonrlor.diplom
1433 3253 1535 3309 contre
1544 3241 1574 3308 lo
1583 3244 1722 3308 rrrtttm
1731 3243 1765 3306 dt
1774 3261 1818 3306 oc
1829 3247 1974 3322 mecm,

688 3351 861 3417 intitulata:
875 3353 977 3416 llllesa
989 3355 1067 3417 della
1085 3357 1167 3417 natla
1184 3355 1288 3417 llberta
1300 3355 1347 3418 dal
1360 3371 1442 3418 mon.
1456 3353 1488 3416 dl
1501 3353 1533 3416 S.
1548 3353 1707 3417 benedetto
1720 3353 1760 3416 de
1773 3355 1974 3428 musmo,

689 3479 721 3540 Ρ·
738 3462 798 3538 1⁹·l

618 3625 743 3697 [latum
759 3645 850 3698 anno
867 3622 1039 3698 dominice
1055 3623 1297 3699 incarnationis
1314 3623 1507 3698 mccxxll.

398 4195 521 4252 romae
624 4157 923 4240 instrumentum
946 4153 1201 4264 inquisitionis
1220 4179 1243 4236 e
1260 4153 1445 4264 delegato·
1461 4149 1668 4260 apostolico
1693 4147 1816 4230 iactae
1840 4145 1889 4230 de
1915 4143 1977 4226 lite

420 4251 491 4305 reo
570 4293 669 4376 inter
690 4288 921 4374 Fridericum
948 4287 1208 4371 Romanorum
1226 4287 1492 4396 imperatorem
1510 4293 1548 4368 ct
1564 4281 1803 4367 llarduinum
1822 4279 1974 4389 Cephe-

569 4427 769 4512 ludensem
786 4421 1005 4534 episcopum
1023 4419 1072 4503 ab
1089 4420 1314 4530 imperatore
1331 4419 1542 4530 relegatum
1555 4415 1711 4527 agitatu.

651 4611 748 4690 (Edld.
762 4611 801 4674 a.
816 4610 950 4680 Pmaus,
964 4603 1047 4672 cett.
1059 4623 1159 4682 tarra,
1173 4613 1197 4670 t.
1210 4609 1257 4683 11,
1270 4626 1301 4688 p.
1319 4617 1470 4684 aot-tou,
1483 4607 1541 4670 rub
1560 4609 1619 4670 lala
1630 4623 1708 4685 quae
1727 4605 1860 4684 sequltur
1873 4600 1976 4666 abbre-

691 4720 771 4779 rlate
783 4717 890 4778 lorms.
905 4716 951 4780 Gi·
966 4731 1057 4795 eupm
1068 4731 1099 4794 p·
1111 4723 1170 4778 ltt
1182 4720 1213 4778 ct
1223 4722 1287 4778 not.
1299 4717 1342 4790 2.)
