4324 5916
554 595 616 658 ece
1082 601 1254 664 sanarer
1280 603 1446 664 snrrrrrr
1777 609 1856 686 [aas.
1877 609 1965 672 uass

635 733 749 810 (incdit.
762 749 800 794 ex
812 735 949 814 originali
967 737 998 796 in
1011 735 1133 798 archivo
1151 737 1370 818 stuttgarteusl,
1384 741 1472 802 noble
1485 757 1504 802 a
1517 741 1661 804 Kanslero
1672 746 1903 806 communicato.
1918 745 1967 808 Sl·

675 840 779 920 glllnm
792 857 831 902 ax
843 847 926 920 parte
938 845 1079 922 superiori
1089 844 1307 924 aliquantulum
1316 847 1430 910 laesum
1441 846 1501 910 filla
1513 850 1614 912 oerlcls
1625 849 1785 926 vlrtdlbns,
1796 851 1897 914 rebels
1909 851 1966 914 lla·

673 948 776 1026 visque
789 949 955 1028 appendet.)

603 1106 642 1178 ln
673 1105 814 1179 nomine
845 1117 964 1182 sancte
993 1118 1028 1182 et
1055 1109 1240 1185 individue
1268 1112 1455 1186 Trinitatis.
1487 1113 1612 1188 Amen.
1648 1115 1817 1189 lienricus
1845 1115 1967 1190 divina

552 1231 690 1304 lavante
713 1231 822 1324 gratie
839 1231 1070 1306 Romanorum
1094 1255 1179 1328 rex,
1203 1257 1339 1333 semper
1363 1247 1553 1333 augustus,
1578 1241 1742 1313 omnibns
1769 1241 1806 1312 in
1835 1261 1967 1337 perpe-

553 1365 666 1428 tuum.
688 1355 824 1451 Regalis
842 1356 1098 1449 magnificentie
1114 1360 1295 1435 clementia
1311 1360 1467 1458 deposcit
1480 1372 1518 1436 ut
1534 1365 1697 1438 omnibus
1712 1365 1857 1460 quidem
1874 1363 1967 1438 lide-

552 1481 644 1554 libus
662 1480 698 1552 in
720 1481 794 1554 suis
817 1481 1080 1556 necessitatibus
1101 1485 1369 1579 subveniamns;
1387 1487 1452 1562 hos
1471 1497 1586 1562 antem
1604 1489 1769 1586 precipuo
1788 1511 1877 1586 qnos
1891 1491 1965 1564 Rex

553 1597 737 1701 reguniab
756 1605 860 1700 hujus
882 1608 1005 1682 mundi
1025 1609 1237 1683 vanitatibus
1256 1621 1391 1707 ereptos
1416 1613 1606 1708 peculiares
1628 1614 1696 1686 sibi
1713 1615 1833 1688 statuit
1851 1612 1965 1687 servi-

552 1741 661 1824 tores,
680 1741 719 1804 nt
734 1732 770 1803 in
790 1755 855 1805 suo
872 1733 960 1805 lelici
978 1735 1154 1830 proposito
1169 1737 1309 1810 valeant
1324 1758 1559 1833 perseverare,
1576 1748 1746 1833 quantum
1759 1761 1962 1836 possumus,

553 1857 629 1953 ipso
649 1855 850 1951 adjuvante,
867 1866 1025 1932 tenemur
1038 1860 1206 1954 adjuvare
1221 1871 1387 1935 eteorum
1402 1865 1561 1958 precibus
1577 1864 1756 1937 benivolas
1771 1864 1869 1958 regie
1886 1864 1966 1960 pie-

552 1983 631 2056 tatis
665 2002 767 2056 aures
798 1982 892 2056 omni
923 1984 1124 2058 difficultate
1152 1996 1283 2061 remota
1312 1987 1496 2062 clementor
1525 1987 1796 2062 accommodare.
1823 1988 1966 2062 Noverit

553 2106 660 2200 igitur
685 2106 894 2180 universitas
920 2107 1075 2180 fidelium
1098 2111 1212 2205 qnod,
1239 2111 1318 2184 licet
1343 2113 1540 2186 universam
1569 2112 1806 2208 Cystertiensis
1831 2113 1964 2186 ordinis

552 2232 797 2306 fraternitatem
814 2231 881 2306 snb
898 2233 962 2304 alis
980 2243 1094 2306 nostre
1111 2235 1333 2331 pmtectionis
1351 2237 1530 2311 defensare
1548 2239 1655 2333 parati
1676 2238 1796 2329 simus,
1819 2259 1964 2334 precon-

554 2356 664 2430 dialee
682 2365 796 2430 tamen
810 2365 944 2430 nostros
963 2358 1083 2431 iratres
1109 2359 1154 2433 de
1175 2359 1356 2455 Schontal,
1382 2371 1544 2456 tanquam
1568 2364 1604 2436 in
1630 2363 1709 2435 sinu
1731 2363 1964 2437 benivolentia

553 2481 693 2574 majoris
707 2493 888 2578 exceptos,
906 2483 964 2556 tali
983 2484 1092 2578 gratia
1114 2507 1176 2581 pre
1198 2487 1320 2559 ceteris
1346 2487 1553 2561 donavimus
1572 2497 1611 2560 ut
1627 2489 1671 2560 ab
1691 2488 1787 2560 omni
1807 2487 1964 2563 advoca-

552 2615 682 2699 torum,
704 2607 949 2682 scnlthetorum
975 2609 1033 2684 vel
1056 2612 1289 2706 quorumlibet
1308 2613 1506 2687 officialium
1527 2622 1720 2687 nostrorum
1742 2633 1964 2709 quacumque

551 2731 733 2806 exactione
744 2733 843 2806 liberi
856 2743 1023 2831 perpetuo
1036 2735 1106 2808 sint
1122 2745 1157 2810 et
1173 2736 1322 2810 absoluti
1335 2763 1344 2810 ε
1357 2759 1400 2811 ea
1414 2737 1578 2812 videlieet
1587 2737 1785 2812 conditione
1799 2747 1850 2832 ut,
1863 2738 1962 2812 nobis

551 2867 636 2953 aput
658 2858 857 2954 Winpinam
875 2859 951 2933 sive
974 2859 1012 2933 in
1034 2861 1093 2933 illo
1111 2859 1260 2936 confinio
1275 2861 1509 2936 existentibus
1528 2864 1584 2938 vel
1605 2863 1823 2936 serenissima
1841 2865 1961 2959 regim

551 2985 700 3077 conjuge
714 2993 829 3058 nostra
844 2982 976 3058 ibidem
993 2995 1243 3079 commorante,
1263 3009 1328 3060 neo
1342 2987 1423 3082 equi
1438 2988 1475 3060 in
1493 3009 1614 3062 eornm
1627 2987 1732 3062 curiis
1748 2989 1963 3086 hospitentur

551 3129 616 3184 noo
638 3110 837 3184 exactiones
859 3131 930 3205 que
952 3112 1059 3206 vulgo
1081 3111 1258 3185 herssture
1279 3121 1447 3186 vocantur
1467 3113 1513 3187 eb
1535 3113 1586 3188 eis
1611 3113 1858 3210 quoquomodo
1882 3112 1961 3187 exi-

550 3243 689 3328 gantur.
702 3235 745 3306 Et
765 3243 803 3306 ut
825 3234 976 3308 breviter
993 3236 1111 3311 omnia
1135 3237 1401 3330 concludamus,
1426 3239 1520 3310 nulla
1535 3237 1674 3334 penites
1690 3237 1736 3311 ab
1753 3237 1804 3312 eis
1821 3237 1961 3312 servitia

549 3357 680 3454 requiri
695 3359 870 3447 volumus,
885 3369 998 3455 preter
1013 3361 1081 3434 hoc
1097 3362 1209 3436 solum
1222 3362 1332 3458 quod,
1343 3383 1424 3436 cnm
1437 3383 1579 3437 necesse
1594 3363 1710 3455 inerit,
1724 3363 1838 3436 nuntii
1855 3361 1960 3436 nostri

549 3492 827 3580 pertranseuntes
853 3485 949 3582 apud
974 3485 1068 3582 ipsos
1096 3487 1187 3560 sicut
1207 3487 1311 3562 ceteri
1335 3488 1564 3584 hospitentur.
1585 3487 1629 3561 Ut
1647 3487 1754 3582 igitur
1770 3488 1959 3585 prescripta

549 3609 716 3682 libertatis
732 3609 873 3684 donatio
889 3611 1011 3708 prelati
1027 3611 1163 3686 cenobii
1180 3612 1341 3686 iratribus
1357 3611 1456 3685 firma
1470 3621 1670 3709 permaneat
1686 3611 1723 3684 in
1739 3619 1956 3709 perpetuum,

548 3744 743 3830 presentem
771 3735 822 3810 eis
848 3737 1012 3833 paginam
1040 3736 1247 3812 donavimus
1271 3736 1374 3832 sigilli
1398 3739 1505 3810 nostri
1529 3737 1732 3812 auctoritate
1752 3736 1956 3810 roboratam.

598 3861 710 3955 Hujus
737 3871 853 3936 autem
876 3863 956 3936 lacti
984 3871 1087 3937 testes
1107 3874 1189 3938 sunt
1210 3867 1428 3938 Hermannus
1444 3863 1699 3960 Herbipolensis
1721 3873 1756 3936 et
1779 3862 1959 3936 Heinricus

549 3985 747 4060 Eistetensis
762 3986 934 4082 episcopi,
958 3987 1036 4060 Otto
1055 3991 1164 4082 major
1182 3989 1374 4086 prepositus
1396 3999 1432 4062 et
1451 3989 1692 4062 Willebelmus
1712 3987 1795 4063 novi
1818 4007 1960 4062 monae-

548 4111 625 4185 terii
643 4112 815 4204 decanus;
833 4111 1045 4186 Ludewicus
1059 4112 1136 4186 dux
1154 4113 1325 4206 Bawarie,
1346 4113 1528 4189 Cnnradus
1547 4113 1758 4209 burgravius
1770 4111 1958 4186 dellnren·

549 4239 647 4330 berc,
668 4235 861 4311 Fridericns
881 4237 926 4312 de
944 4238 1257 4335 Trebendinghen,
1278 4239 1466 4314 Gherlacus
1485 4239 1531 4314 de
1550 4240 1737 4334 Botingen,
1752 4235 1959 4312 Wasmodns

548 4373 583 4436 et
603 4361 784 4436 Cunradus
801 4363 892 4437 filins
914 4365 1070 4459 ejusdem
1100 4363 1145 4438 de
1170 4363 1410 4460 Specchevelt,
1440 4363 1680 4462 Engelhardns
1701 4362 1747 4437 de
1766 4359 1955 4448 Nideoclre,

550 4487 723 4562 Arnoldus
750 4488 795 4562 de
823 4488 1059 4581 Rutenbnrch,
1092 4487 1226 4562 Ulrions
1254 4488 1299 4562 de
1327 4488 1475 4584 Werde‚
1502 4489 1682 4563 Heinricns
1707 4497 1741 4562 et
1765 4484 1958 4561 Hertwiona

552 4611 706 4706 magistri
729 4613 876 4708 coquina
891 4613 996 4710 regis,
1012 4613 1147 4688 Ulricus
1160 4613 1315 4688 notarius
1330 4613 1461 4690 domiui
1477 4615 1579 4708 regis.

600 4735 685 4811 Acta
701 4747 784 4810 sunt
797 4738 862 4812 hec
874 4760 966 4813 anno
984 4739 1093 4838 gretie
1107 4741 1155 4814 Μ0
1173 4739 1238 4814 CC⁰
1253 4740 1375 4813 XXV0.
