4324 5916
575 609 639 674 940
1093 619 1097 628 ’
1125 612 1439 674 contradicitur.
1495 613 1499 624 '

577 755 613 820 et
643 754 757 818 nostro
782 745 968 838 mejestatis
993 747 1106 841 sigilio
1135 747 1301 821 roborari.
1324 749 1499 820 ¹tioiumus
1527 753 1642 818 autem
1669 743 1842 840 predictos
1871 744 1989 818 iratres

577 872 682 963 hujus
700 869 873 965 privilegii
893 870 1137 944 donationibus
1159 873 1210 943 uti
1235 873 1271 944 iu
1290 871 1393 944 bunis
1415 869 1485 942 iilis
1501 889 1570 963 que
1586 868 1651 962 ipei
1669 869 1748 960 jure
1764 869 1913 941 retinent
1933 872 1986 942 uel

576 995 677 1090 quasi
701 993 747 1066 ad
760 1011 886 1064 manus
901 1015 982 1066 suus
998 1003 1114 1067 tonent
1125 1003 1160 1066 et
1171 992 1338 1090 deinceps
1354 993 1534 1066 retinenda
1549 1003 1644 1064 sunt.

625 1119 737 1209 Hujus
753 1118 802 1193 rei
826 1126 928 1190 testes
945 1127 1027 1190 sunt
1047 1118 1212 1192 domiuus
1234 1117 1406 1191 Bnrardus
1426 1115 1688 1188 Panormituuue
1708 1115 1986 1212 archiepiscopus

576 1253 611 1314 et
622 1241 755 1316 domini
769 1239 981 1336 imperatoris
996 1241 1185 1332 familiaris,
1202 1243 1312 1317 ducas
1324 1241 1400 1336 (ric)
1411 1239 1625 1336 mynatdns,
1638 1239 1805 1312 lienn'cus
1817 1239 1864 1312 de
1874 1239 1986 1312 Murro

575 1365 746 1462 (Moruni)
765 1365 927 1458 magister
941 1365 1162 1458 justitiarios,
1182 1365 1375 1439 Richardus
1394 1363 1616 1454 camerarius,
1634 1363 1804 1438 linfredus
1817 1363 1862 1436 de
1876 1365 1983 1437 Bene·

577 1499 681 1564 vento
695 1499 729 1562 et
747 1489 867 1560 Petrus
882 1485 979 1562 urbis
996 1491 1187 1584 prefectus,
1208 1499 1243 1562 et
1260 1489 1319 1562 alii
1335 1489 1587 1584 quamplures(
1611 1488 1638 1584 ).

625 1614 769 1708 Signum
785 1613 918 1686 domini
934 1613 1098 1686 Friderici
1115 1615 1347 1686 Romanorum
1363 1613 1456 1708 regis
1471 1613 1702 1685 invictissimi.

625 1739 699 1831 Ego
716 1737 909 1810 Guaiterius
928 1737 1116 1832 imperialis
1139 1739 1219 1810 aule
1240 1737 1478 1824 cancellarius,
1502 1736 1581 1810 vioe
1604 1736 1753 1832 Philippi
1779 1737 1985 1814 Coiuuieusis

578 1861 828 1958 archiepiscopi
851 1871 885 1936 et
902 1862 1007 1934 ltaiici
1022 1861 1120 1954 regni
1133 1861 1443 1951 archicancellarii,
1461 1861 1648 1952 recognovi
1663 1859 1730 1956 (2).

627 1985 711 2058 Acta
727 1996 808 2058 sunt
823 1986 888 2058 hec
903 2007 995 2058 enno
1018 1985 1190 2058 dominice
1215 1984 1655 2058 iucarnationis‘miiiesimo
1678 1985 1912 2061 ducentesimo
1933 1993 1984 2062 vi·

580 2111 712 2205 gesimo
729 2111 857 2206 primo,
878 2109 1068 2182 indictione
1092 2130 1200 2197 nune,
1220 2117 1386 2203 regnante
1403 2107 1545 2182 domiuo
1564 2107 1744 2182 Frederico
1759 2111 1985 2186 Romanorum

579 2257 660 2328 rege
674 2233 933 2327 gloriosissimo,
949 2255 1041 2308 anuo
1056 2233 1153 2326 regui
1173 2233 1249 2324 ejus
1263 2232 1397 2328 primo,
1415 2233 1549 2328 Cupne,
1572 2239 1697 2307 octavo
1714 2234 1880 2310 kalendas
1894 2239 1983 2332 julii,

581 2358 734 2432 feliciter.
752 2357 862 2430 Amen
876 2359 939 2454 (3).

422 2993 445 3025 m
531 3010 538 3032 ,
632 2923 660 3006 F
662 2921 863 3026 ricuinus,
883 2917 1145 3001 Romanorum
1161 2913 1380 3020 imperator,
1400 2908 1451 2992 ed
1476 2909 1698 2992 instantiam
1725 2909 1871 2994 ilberti
1897 2908 1983 2994 Tri-

579 3057 723 3142 dentini
741 3051 906 3163 episcopi
919 3045 1184 3132 communitati
1197 3045 1245 3128 de
1263 3043 1422 3126 Seovolo
1440 3041 1480 3124 in
1499 3043 1687 3127 territorio
1704 3043 1883 3129 Brixiano
1901 3044 1986 3154 (sci-

578 3193 666 3276 lieet
684 3185 900 3272 San-Felice
917 3195 955 3266 et
971 3179 1161 3290 Portexio)
1181 3177 1421 3290 privilegium
1439 3175 1617 3260 Friderici
1638 3176 1698 3260 aui
1716 3177 1776 3260 sui
1793 3178 1986 3272 confirmat

579 3335 616 3410 ct
633 3303 714 3434 ipse
730 3321 904 3404 eamdem
918 3317 958 3398 in
973 3342 1043 3399 sua
1055 3313 1285 3424 protectione
1302 3311 1447 3420 recipit.

661 3511 751 3592 (Edit.
766 3523 815 3585 ap.
831 3505 954 3577 cuum,
970 3503 1083 3584 Rapere.
1097 3497 1211 3562 Μῶν.
1229 3501 1277 3560 111
1294 3499 1415 3558 Romen.
1433 3499 1581 3578 imperet,
1601 3497 1730 3576 suhrug,
1746 3473 1913 3580 p.C11,n·
1931 3505 1983 3570 ⁸⁵3

700 3615 844 3676 insertio
856 3610 1076 3674 confirmations
1089 3624 1160 3672 unu.
1178 3613 1268 3685 tito,
1281 3615 1318 3668 tu
1329 3603 1442 3668 octobr.
1453 3605 1534 3682 apud
1545 3603 1711 3680 Neustndt.)

628 3781 667 3852 ln
686 3777 822 3851 nomine
836 3783 952 3848 sancte
970 3781 1004 3844 et
1022 3767 1205 3842 individue
1219 3767 1405 3839 Trinitatis.
1416 3766 1610 3840 Friderious
1624 3765 1744 3838 divina
1762 3763 1900 3838 favente
1914 3764 1981 3836 cle-

580 3904 707 3980 mentia
728 3901 958 3974 Romanorum
978 3897 1175 3990 imperator,
1194 3913 1328 3987 semper
1342 3901 1513 3986 augustus
1530 3899 1564 3963 et
1579 3911 1641 3962 rex
1657 3887 1784 3962 Sicilie.
1801 3885 1985 3986 imperialis

616 4161 652 4235 (t)
669 4159 766 4217 Testes
778 4153 866 4224 dubii,
879 4152 1024 4227 praecipue
1039 4151 1170 4207 ilenricus
1182 4149 1315 4206 dentone
1329 4153 1359 4204 et
1368 4145 1462 4204 Petrum
1472 4145 1622 4220 praefectus
1633 4144 1718 4202 urbis.

615 4256 653 4333 (ἱ)
672 4254 779 4314 Notatio
791 4250 941 4310 canceltarii
957 4249 1073 4308 sumitur
1088 4263 1122 4305 ex
1142 4247 1287 4321 diplomate
1308 4245 1435 4302 irideioi
1454 4243 1548 4318 primi.
1562 4244 1625 4301 dato
1636 4242 1782 4312 Gummi,
1796 4245 1828 4298 tt
1844 4241 1896 4299 imi.
1911 4240 1983 4315 apr-i.

581 4359 651 4416 tt'ii
666 4353 754 4429 (ibid,
766 4368 796 4426 p.
810 4348 864 4423 67).
877 4348 954 4408 Unde
976 4347 1057 4406 etium
1075 4359 1137 4420 pers
1155 4345 1242 4420 primu
1257 4343 1410 4400 documenti
1429 4359 1517 4416 usque
1530 4341 1565 4400 sd
1579 4359 1586 4398 ι
1602 4341 1801 4414 commus
1813 4343 1894 4398 etiem
1903 4337 1986 4396 α’ἀωι

579 4456 695 4525 swero,
711 4459 776 4522 etc..
788 4452 954 4523 consumpta
971 4445 1085 4505 videtur.
1102 4443 1206 4500 Numen
1224 4457 1289 4500 vero
1305 4439 1447 4514 Godesridi
1461 4439 1611 4498 csuoeiimii
1630 4437 1754 4498 fulserim
1773 4437 1802 4494 in
1820 4435 1985 4496 Μαίη

580 4553 967 4723 metliffiiaziironuogme
977 4645 1019 4697 sat
1034 4637 1105 4696 bene
1118 4637 1189 4694 iuter
1201 4653 1233 4694 se
1244 4635 1444 4707 concordarent,
1454 4633 1504 4692 uisi
1518 4632 1590 4708 quud
1603 4635 1637 4692 rt
1646 4631 1714 4706 junii
1727 4634 1792 4691 test
1808 4627 1981 4706 imperatorin

578 4749 683 4822 Sicilia,
696 4762 751 4805 nun
764 4742 835 4820 apud
848 4741 967 4816 Capuam
981 4744 1104 4798 umectus
1114 4735 1202 4796 inerit.
