4330 5914
221 608 319 670 lsnrcr.
339 606 400 686 lt]
678 599 874 662 HISTORIA
899 599 1191 664 mammantes.
1576 603 1638 665 6⁷5

221 743 359 816 ilenrici
374 750 410 814 et
427 739 524 814 idem
538 736 736 812 Tancredns
755 739 927 832 usquead
943 739 1115 834 presentia
1133 740 1246 813 felicia
1260 749 1414 836 tempora
1427 749 1543 814 nostra
1553 742 1633 834 jure

223 866 436 942 successorio
459 863 654 960 possedisse
679 871 885 951 noscuntur,
905 863 1018 938 eidem
1036 863 1212 938 Tancredo
1232 872 1267 938 et
1284 865 1357 938 suis
1380 865 1568 940 heredibus
1586 869 1632 942 de

224 1002 340 1066 nostra
360 990 471 1086 gratia
487 992 566 1084 jure
588 988 682 1064 feodi
703 987 965 1082 confirmamus3
993 989 1197 1066 mandantes
1213 1000 1248 1064 et
1267 991 1416 1086 presenti
1440 993 1633 1066 sancientes

224 1117 339 1191 edicto
358 1125 529 1210 qnatenus
552 1115 649 1186 nulla
672 1135 817 1208 persona
840 1115 909 1187 alta
925 1115 983 1187 vel
1003 1114 1166 1206 humilis,
1193 1115 1423 1188 ecclesiastica
1449 1116 1505 1188 vel
1525 1138 1634 1188 mun-

226 1241 337 1334 dana,
362 1239 526 1314 eumdem
545 1237 762 1311 Tancredum
784 1245 820 1310 et
839 1237 984 1311 heredes
1010 1259 1093 1312 snos
1116 1247 1235 1312 contra
1257 1239 1424 1334 presentis
1447 1238 1634 1312 confirma-

226 1365 329 1438 tionis
354 1372 470 1438 nostre
493 1361 657 1458 paginam
682 1361 862 1434 molestam
893 1371 1080 1456 presumat.
1110 1362 1213 1448 Quod
1236 1363 1298 1456 qui
1326 1361 1574 1458 presumpserit
1599 1363 1635 1434 in

206 1559 209 1562 ,
226 1489 380 1562 vindicta
399 1509 463 1560 sue
481 1486 680 1559 temeritatis
702 1485 955 1580 quinquaginta
973 1486 1077 1560 libras
1094 1487 1170 1560 auri
1187 1509 1225 1559 se
1247 1488 1517 1582 compositurum
1535 1487 1633 1580 sciat,

227 1613 446 1687 medietatem
466 1612 629 1684 videlicet
650 1631 786 1684 camere
806 1619 921 1685 nostra
936 1632 977 1684 ac
996 1613 1161 1707 reliquam
1182 1611 1401 1685 medietatem
1419 1613 1531 1708 passis
1545 1613 1637 1706 inju-

227 1737 314 1808 riam
335 1735 611 1831 persolvendnm.
631 1733 687 1808 Ad
702 1734 806 1826 hujus
823 1735 939 1829 itaque
956 1745 1071 1808 nostre
1094 1735 1361 1809 confirmationis
1382 1735 1583 1809 memoriam
1604 1745 1638 1808 et

227 1860 386 1934 stabilem
408 1859 621 1948 firmitatem,
644 1867 835 1955 presentem
856 1859 1008 1932 divalem
1028 1859 1190 1956 paginam
1211 1860 1284 1932 fieri
1309 1861 1454 1934 fecimus
1475 1869 1509 1933 et
1530 1861 1635 1954 sigilli

229 1983 335 2056 nostri
350 1983 473 2056 robore
486 1982 654 2076 jussimus
672 1983 891 2074 oommnniri,
907 2005 1012 2075 anno,
1029 2005 1148 2058 mense
1165 1993 1201 2058 et
1213 1985 1401 2059 indictione
1417 1985 1632 2080 subscriptis.

277 2111 365 2181 Data
380 2110 417 2179 in
435 2108 519 2180 villa
535 2109 650 2180 Sancti
668 2107 803 2180 Gemini
817 2108 882 2204 (l),
899 2131 990 2182 anno
1005 2109 1178 2182 dominice
1195 2109 1440 2182 incarnationis
1457 2109 1638 2182 millesimo

231 2231 468 2306 ducentesimo
490 2232 661 2326 vigesimo
681 2239 798 2322 sextu,
819 2234 948 2305 mensis
967 2234 1126 2327 angusti,
1150 2233 1407 2328 quartadecima
1432 2235 1637 2324 indictione,

231 2355 421 2448 imperante
445 2353 586 2426 domino
608 2361 725 2425 nostro
747 2353 927 2427 Fredcricc
949 2355 1010 2427 Dei
1032 2355 1143 2448 gratia
1164 2355 1390 2429 invictissimo
1409 2355 1641 2429 Romanorum

232 2478 449 2572 imperatore,
469 2499 605 2573 semper
621 2487 784 2572 angusto,
803 2479 991 2552 Jerusalem
1008 2489 1043 2552 et
1059 2481 1176 2553 Sicilie
1192 2503 1286 2575 rega,
1304 2503 1395 2554 anno
1412 2483 1557 2555 Romani
1579 2483 1643 2555 im·

234 2602 319 2698 perii
344 2603 421 2694 ejus
440 2611 557 2692 sexto,
580 2603 843 2676 lerosolimiteni
863 2605 991 2702 primo,
1012 2605 1110 2700 regni
1128 2627 1211 2678 veru
1228 2607 1344 2679 Sicilie
1365 2629 1457 2680 anno
1480 2609 1644 2682 vicesimo

233 2747 338 2817 nono,
357 2726 512 2800 feliciter.
531 2726 655 2801 Amen.

285 3207 478 3292 Honorius
496 3237 597 3321 pape
609 3211 799 3296 Friderico
816 3213 1100 3298 Romanorum
1090 3217 1307 3324 nmperatori
1326 3217 1456 3302 scribit
1439 3227 1516 3305 tut
1532 3221 1649 3306 fidem
1695 3252 1831 3361 ,effi

236 3340 451 3426 adhibcat''
427 3369 474 3426 ns
489 3371 588 3453 quae
606 3347 679 3455 iper
668 3345 857 3430 fideliter
873 3347 990 3431 frater
1006 3348 1225 3432 Leonardus
1242 3360 1441 3460 proponet.

314 3550 484 3622 (Memorat.
501 3555 535 3614 ln
549 3554 647 3615 indice
659 3554 774 3632 eptstnl.
785 3555 898 3618 Honor.
911 3556 967 3630 111,
977 3559 1009 3618 tn
1020 3557 1133 3622 oodect.
1147 3559 1274 3637 Lapnrte
1286 3561 1328 3622 dn
1341 3562 1426 3624 Thell
1439 3579 1490 3642 ap.
1503 3561 1644 3626 Blbllctb.

354 3655 463 3736 Puris.)

284 3839 408 3913 Datum
434 3843 609 3938 Laterani,
629 3845 707 3918 Xlll
725 3845 891 3920 kalendas
913 3801 1136 3944 septembriS,
1157 3871 1249 3925 anno
1269 3852 1329 3924 Xl.

456 4099 635 4110 ...ψῃ-...-
1196 4109 1416 4122 -ι--ι--ι--ω

286 4315 518 4430 Friderious,
547 4324 807 4412 Romanorum
831 4329 1050 4440 imperator,
1071 4329 1237 4414 Honorio
1258 4359 1379 4444 papae
1400 4345 1645 4452 conqueritur
1688 4379 1800 4476 „aaa

233 4447 284 4532 de
300 4452 562 4563 conjuratione
578 4459 880 4547 bombardorum
892 4473 930 4548 et
943 4489 1075 4549 eorum
1093 4463 1160 4582 qni
1177 4475 1264 4574 post
1280 4471 1522 4558 concordiam
1541 4483 1644 4591 apud
1688 4434 1797 4490 ww
1771 4409 1823 4478 α’

272 4630 276 4638 ι
285 4631 525 4647 -η---ηαῄ-
1073 4648 1078 4654 .

270 4713 307 4787 (l)
327 4716 413 4776 llcdia
424 4719 484 4778 Sco
498 4723 628 4782 Gemino
617 4734 694 4800 Juxta
704 4729 842 4786 Narniam.
