<?xml version="1.0" encoding="UTF-8"?>
<!DOCTYPE html PUBLIC "-//W3C//DTD XHTML 1.0 Transitional//EN"
    "http://www.w3.org/TR/xhtml1/DTD/xhtml1-transitional.dtd">
<html xmlns="http://www.w3.org/1999/xhtml" xml:lang="en" lang="en">
 <head>
  <title>
</title>
<meta http-equiv="Content-Type" content="text/html;charset=utf-8" />
  <meta name='ocr-system' content='tesseract 3.04.00' />
  <meta name='ocr-capabilities' content='ocr_page ocr_carea ocr_par ocr_line ocrx_word'/>
</head>
<body>
  <div class='ocr_page' id='page_1' title='image "./historiadiploma04fredgoog_0126.png"; bbox 0 0 4330 5914; ppageno 0'>
   <div class='ocr_carea' id='block_1_1' title="bbox 235 605 1644 696">
    <p class='ocr_par' dir='ltr' id='par_1_1' title="bbox 235 605 1644 696">
     <span class='ocr_line' id='line_1_1' title="bbox 235 605 1644 696; baseline -0.011 -17"><span class='ocrx_word' id='word_1_1' title='bbox 235 618 332 679; x_wconf 73' lang='lat' dir='ltr'><strong>lucror.</strong></span> <span class='ocrx_word' id='word_1_2' title='bbox 353 618 412 696; x_wconf 66' lang='lat' dir='ltr'><strong>lb]</strong></span> <span class='ocrx_word' id='word_1_3' title='bbox 682 615 880 677; x_wconf 77' lang='lat' dir='ltr'>HISTORIA</span> <span class='ocrx_word' id='word_1_4' title='bbox 905 612 1196 676; x_wconf 72' lang='lat' dir='ltr'><strong>olebonnrlcn.</strong></span> <span class='ocrx_word' id='word_1_5' title='bbox 1585 605 1644 664; x_wconf 76' lang='lat'><strong>715</strong></span> 
     </span>
    </p>
   </div>
   <div class='ocr_carea' id='block_1_2' title="bbox 234 741 1739 1692">
    <p class='ocr_par' dir='ltr' id='par_1_2' title="bbox 234 741 1739 1586">
     <span class='ocr_line' id='line_1_2' title="bbox 234 741 1643 846; baseline -0.01 -20"><span class='ocrx_word' id='word_1_6' title='bbox 234 751 394 826; x_wconf 84' lang='lat' dir='ltr'><strong>eamdem</strong></span> <span class='ocrx_word' id='word_1_7' title='bbox 409 773 549 824; x_wconf 75' lang='lat' dir='ltr'><strong>cuumm</strong></span> <span class='ocrx_word' id='word_1_8' title='bbox 564 750 683 846; x_wconf 86' lang='lat' dir='ltr'><strong>cepisti</strong></span> <span class='ocrx_word' id='word_1_9' title='bbox 703 760 737 823; x_wconf 92' lang='lat' dir='ltr'><strong>et</strong></span> <span class='ocrx_word' id='word_1_10' title='bbox 755 751 889 825; x_wconf 81' lang='lat' dir='ltr'><strong>detines</strong></span> <span class='ocrx_word' id='word_1_11' title='bbox 907 751 1025 826; x_wconf 88' lang='lat' dir='ltr'><strong>adbuc</strong></span> <span class='ocrx_word' id='word_1_12' title='bbox 1046 759 1183 845; x_wconf 86' lang='lat' dir='ltr'><strong>captos,</strong></span> <span class='ocrx_word' id='word_1_13' title='bbox 1209 758 1243 820; x_wconf 88' lang='lat' dir='ltr'><strong>te</strong></span> <span class='ocrx_word' id='word_1_14' title='bbox 1267 744 1462 841; x_wconf 88' lang='lat' dir='ltr'><strong>apostolicis</strong></span> <span class='ocrx_word' id='word_1_15' title='bbox 1482 741 1643 837; x_wconf 89' lang='lat' dir='ltr'><strong>precibus</strong></span> 
     </span>
     <span class='ocr_line' id='line_1_3' title="bbox 235 867 1645 971; baseline -0.009 -24"><span class='ocrx_word' id='word_1_16' title='bbox 235 874 400 950; x_wconf 82' lang='lat' dir='ltr'><strong>iuducere</strong></span> <span class='ocrx_word' id='word_1_17' title='bbox 414 875 649 970; x_wconf 74' lang='lat' dir='ltr'><strong>dignoremur.</strong></span> <span class='ocrx_word' id='word_1_18' title='bbox 673 875 825 971; x_wconf 81' lang='lat' dir='ltr'>Ideoque</span> <span class='ocrx_word' id='word_1_19' title='bbox 847 875 1063 950; x_wconf 85' lang='lat' dir='ltr'><strong>serenitatem</strong></span> <span class='ocrx_word' id='word_1_20' title='bbox 1088 887 1183 946; x_wconf 86' lang='lat' dir='ltr'><strong>tuam</strong></span> <span class='ocrx_word' id='word_1_21' title='bbox 1207 871 1397 966; x_wconf 79' lang='lat' dir='ltr'><strong>rogandam</strong></span> <span class='ocrx_word' id='word_1_22' title='bbox 1418 867 1587 940; x_wconf 86' lang='lat' dir='ltr'><strong>duximus</strong></span> <span class='ocrx_word' id='word_1_23' title='bbox 1610 870 1645 938; x_wconf 89' lang='lat' dir='ltr'><strong>et</strong></span> 
     </span>
     <span class='ocr_line' id='line_1_4' title="bbox 234 993 1644 1095; baseline -0.007 -25"><span class='ocrx_word' id='word_1_24' title='bbox 234 998 440 1072; x_wconf 84' lang='lat' dir='ltr'><strong>hortandum</strong></span> <span class='ocrx_word' id='word_1_25' title='bbox 461 1009 631 1093; x_wconf 86' lang='lat' dir='ltr'><strong>quatenus</strong></span> <span class='ocrx_word' id='word_1_26' title='bbox 656 999 811 1074; x_wconf 91' lang='lat' dir='ltr'><strong>bannum</strong></span> <span class='ocrx_word' id='word_1_27' title='bbox 832 1001 968 1074; x_wconf 82' lang='lat' dir='ltr'><strong>relaxes</strong></span> <span class='ocrx_word' id='word_1_28' title='bbox 986 1021 1127 1095; x_wconf 88' lang='lat' dir='ltr'><strong>precum</strong></span> <span class='ocrx_word' id='word_1_29' title='bbox 1147 1005 1340 1068; x_wconf 90' lang='lat' dir='ltr'><strong>nostrarum</strong></span> <span class='ocrx_word' id='word_1_30' title='bbox 1355 993 1549 1064; x_wconf 85' lang='lat' dir='ltr'><strong>interventu</strong></span> <span class='ocrx_word' id='word_1_31' title='bbox 1568 1008 1644 1082; x_wconf 82' lang='lat' dir='ltr'><strong>pm·</strong></span> 
     </span>
     <span class='ocr_line' id='line_1_5' title="bbox 235 1113 1644 1218; baseline -0.011 -22"><span class='ocrx_word' id='word_1_32' title='bbox 235 1123 381 1213; x_wconf 86' lang='lat' dir='ltr'><strong>dictum,</strong></span> <span class='ocrx_word' id='word_1_33' title='bbox 394 1132 429 1197; x_wconf 90' lang='lat' dir='ltr'><strong>ct</strong></span> <span class='ocrx_word' id='word_1_34' title='bbox 445 1123 657 1218; x_wconf 81' lang='lat' dir='ltr'><strong>imperialem</strong></span> <span class='ocrx_word' id='word_1_35' title='bbox 670 1125 814 1217; x_wconf 80' lang='lat' dir='ltr'><strong>gratiam</strong></span> <span class='ocrx_word' id='word_1_36' title='bbox 828 1125 880 1196; x_wconf 88' lang='lat' dir='ltr'><strong>cis</strong></span> <span class='ocrx_word' id='word_1_37' title='bbox 894 1123 1034 1210; x_wconf 79' lang='lat' dir='ltr'>reddas,</span> <span class='ocrx_word' id='word_1_38' title='bbox 1050 1145 1091 1194; x_wconf 90' lang='lat' dir='ltr'><strong>ao</strong></span> <span class='ocrx_word' id='word_1_39' title='bbox 1104 1119 1214 1194; x_wconf 88' lang='lat' dir='ltr'><strong>dictos</strong></span> <span class='ocrx_word' id='word_1_40' title='bbox 1225 1119 1362 1190; x_wconf 86' lang='lat' dir='ltr'><strong>Petrum</strong></span> <span class='ocrx_word' id='word_1_41' title='bbox 1375 1125 1410 1188; x_wconf 88' lang='lat' dir='ltr'><strong>et</strong></span> <span class='ocrx_word' id='word_1_42' title='bbox 1425 1113 1644 1186; x_wconf 88' lang='lat' dir='ltr'><strong>Guiilclmum</strong></span> 
     </span>
     <span class='ocr_line' id='line_1_6' title="bbox 235 1234 1644 1342; baseline -0.012 -22"><span class='ocrx_word' id='word_1_43' title='bbox 235 1247 395 1320; x_wconf 71' lang='lat' dir='ltr'><strong>restituas</strong></span> <span class='ocrx_word' id='word_1_44' title='bbox 408 1247 574 1335; x_wconf 72' lang='lat' dir='ltr'><strong>libertati,</strong></span> <span class='ocrx_word' id='word_1_45' title='bbox 595 1269 714 1342; x_wconf 86' lang='lat' dir='ltr'><strong>preces</strong></span> <span class='ocrx_word' id='word_1_46' title='bbox 727 1257 860 1320; x_wconf 89' lang='lat' dir='ltr'><strong>nostras</strong></span> <span class='ocrx_word' id='word_1_47' title='bbox 878 1247 988 1320; x_wconf 87' lang='lat' dir='ltr'><strong>taliter</strong></span> <span class='ocrx_word' id='word_1_48' title='bbox 1010 1245 1194 1318; x_wconf 81' lang='lat' dir='ltr'><strong>auditurus</strong></span> <span class='ocrx_word' id='word_1_49' title='bbox 1214 1241 1309 1336; x_wconf 91' lang='lat' dir='ltr'><strong>quod</strong></span> <span class='ocrx_word' id='word_1_50' title='bbox 1328 1261 1388 1312; x_wconf 90' lang='lat' dir='ltr'><strong>eae</strong></span> <span class='ocrx_word' id='word_1_51' title='bbox 1408 1237 1475 1309; x_wconf 92' lang='lat' dir='ltr'><strong>eibi</strong></span> <span class='ocrx_word' id='word_1_52' title='bbox 1495 1234 1644 1308; x_wconf 88' lang='lat' dir='ltr'><strong>sentiant</strong></span> 
     </span>
     <span class='ocr_line' id='line_1_7' title="bbox 235 1363 1589 1466; baseline -0.01 -22"><span class='ocrx_word' id='word_1_53' title='bbox 235 1371 418 1466; x_wconf 82' lang='lat' dir='ltr'><strong>profuisse.</strong></span> <span class='ocrx_word' id='word_1_54' title='bbox 1585 1363 1589 1372; x_wconf 88' lang='lat'>&#39;</span> 
     </span>
     <span class='ocr_line' id='line_1_8' title="bbox 284 1485 1739 1586; baseline -0.01 -20"><span class='ocrx_word' id='word_1_55' title='bbox 284 1495 410 1566; x_wconf 88' lang='lat' dir='ltr'><strong>Datum</strong></span> <span class='ocrx_word' id='word_1_56' title='bbox 439 1493 614 1584; x_wconf 72' lang='lat' dir='ltr'><strong>lamsaci,</strong></span> <span class='ocrx_word' id='word_1_57' title='bbox 642 1494 689 1565; x_wconf 81' lang='grc' dir='ltr'><strong>[Χ</strong></span> <span class='ocrx_word' id='word_1_58' title='bbox 715 1493 881 1568; x_wconf 86' lang='lat' dir='ltr'><strong>kalendas</strong></span> <span class='ocrx_word' id='word_1_59' title='bbox 909 1491 1040 1581; x_wconf 91' lang='lat' dir='ltr'><strong>martii,</strong></span> <span class='ocrx_word' id='word_1_60' title='bbox 1071 1489 1290 1586; x_wconf 84' lang='lat' dir='ltr'><strong>pontificatus</strong></span> <span class='ocrx_word' id='word_1_61' title='bbox 1318 1485 1424 1560; x_wconf 80' lang='lat' dir='ltr'><strong>uoeui</strong></span> <span class='ocrx_word' id='word_1_62' title='bbox 1452 1503 1543 1558; x_wconf 90' lang='lat' dir='ltr'><strong>anuo</strong></span> <span class='ocrx_word' id='word_1_63' title='bbox 1576 1503 1644 1554; x_wconf 91' lang='lat' dir='ltr'><strong>uu·</strong></span> <span class='ocrx_word' id='word_1_64' title='bbox 1734 1519 1739 1529; x_wconf 93' lang='lat'><strong>·</strong></span> 
     </span>
    </p>

    <p class='ocr_par' dir='ltr' id='par_1_3' title="bbox 236 1617 386 1692">
     <span class='ocr_line' id='line_1_9' title="bbox 236 1617 386 1692; baseline 0 -2"><span class='ocrx_word' id='word_1_65' title='bbox 236 1617 386 1692; x_wconf 85' lang='lat' dir='ltr'><strong>decimo.</strong></span> 
     </span>
    </p>
   </div>
   <div class='ocr_carea' id='block_1_3' title="bbox 236 2109 1827 2769">
    <p class='ocr_par' dir='ltr' id='par_1_4' title="bbox 236 2109 1827 2769">
     <span class='ocr_line' id='line_1_10' title="bbox 291 2109 1827 2250; baseline 0.001 -41"><span class='ocrx_word' id='word_1_66' title='bbox 291 2109 480 2210; x_wconf 88' lang='lat' dir='ltr'><strong>Honorius</strong></span> <span class='ocrx_word' id='word_1_67' title='bbox 502 2153 602 2236; x_wconf 87' lang='lat' dir='ltr'><strong>papa</strong></span> <span class='ocrx_word' id='word_1_68' title='bbox 618 2127 828 2211; x_wconf 88' lang='lat' dir='ltr'><strong>rectoribus</strong></span> <span class='ocrx_word' id='word_1_69' title='bbox 845 2127 1039 2213; x_wconf 89' lang='lat' dir='ltr'><strong>Societntis</strong></span> <span class='ocrx_word' id='word_1_70' title='bbox 1059 2128 1310 2214; x_wconf 83' lang='lat' dir='ltr'><strong>Lombmdiae</strong></span> <span class='ocrx_word' id='word_1_71' title='bbox 1327 2128 1485 2210; x_wconf 90' lang='lat' dir='ltr'><strong>mandat</strong></span> <span class='ocrx_word' id='word_1_72' title='bbox 1503 2137 1547 2210; x_wconf 94' lang='lat' dir='ltr'><strong>ut</strong></span> <span class='ocrx_word' id='word_1_73' title='bbox 1572 2151 1643 2209; x_wconf 89' lang='lat' dir='ltr'><strong>ce-</strong></span> <span class='ocrx_word' id='word_1_74' title='bbox 1694 2141 1827 2250; x_wconf 57' lang='lat' dir='ltr'><strong>1222pr</strong></span> 
     </span>
     <span class='ocr_line' id='line_1_11' title="bbox 236 2259 1646 2372; baseline -0.001 -31"><span class='ocrx_word' id='word_1_75' title='bbox 236 2259 364 2342; x_wconf 87' lang='lat' dir='ltr'><strong>leriter</strong></span> <span class='ocrx_word' id='word_1_76' title='bbox 380 2259 523 2343; x_wconf 89' lang='lat' dir='ltr'><strong>litteras</strong></span> <span class='ocrx_word' id='word_1_77' title='bbox 540 2260 711 2370; x_wconf 86' lang='lat' dir='ltr'><strong>ipsorum</strong></span> <span class='ocrx_word' id='word_1_78' title='bbox 728 2260 776 2344; x_wconf 90' lang='lat' dir='ltr'><strong>de</strong></span> <span class='ocrx_word' id='word_1_79' title='bbox 794 2262 1012 2370; x_wconf 88' lang='lat' dir='ltr'><strong>accipiendo</strong></span> <span class='ocrx_word' id='word_1_80' title='bbox 1030 2262 1305 2372; x_wconf 89' lang='lat' dir='ltr'><strong>compromisso</strong></span> <span class='ocrx_word' id='word_1_81' title='bbox 1317 2263 1592 2365; x_wconf 87' lang='lat' dir='ltr'><strong>transmittant,</strong></span> <span class='ocrx_word' id='word_1_82' title='bbox 1607 2267 1646 2340; x_wconf 91' lang='lat' dir='ltr'><strong>et</strong></span> 
     </span>
     <span class='ocr_line' id='line_1_12' title="bbox 236 2392 1647 2504; baseline 0.001 -32"><span class='ocrx_word' id='word_1_83' title='bbox 236 2392 390 2475; x_wconf 89' lang='lat' dir='ltr'><strong>interim</strong></span> <span class='ocrx_word' id='word_1_84' title='bbox 404 2419 503 2504; x_wconf 87' lang='lat' dir='ltr'><strong>quae</strong></span> <span class='ocrx_word' id='word_1_85' title='bbox 523 2418 594 2502; x_wconf 90' lang='lat' dir='ltr'><strong>pro</strong></span> <span class='ocrx_word' id='word_1_86' title='bbox 611 2393 748 2476; x_wconf 80' lang='lat' dir='ltr'><strong>Tenue</strong></span> <span class='ocrx_word' id='word_1_87' title='bbox 770 2393 929 2477; x_wconf 83' lang='lat' dir='ltr'><strong>Sanctae</strong></span> <span class='ocrx_word' id='word_1_88' title='bbox 946 2421 1129 2478; x_wconf 79' lang='lat' dir='ltr'><strong>succursu</strong></span> <span class='ocrx_word' id='word_1_89' title='bbox 1146 2395 1269 2478; x_wconf 85' lang='lat' dir='ltr'><strong>lacere</strong></span> <span class='ocrx_word' id='word_1_90' title='bbox 1291 2403 1467 2476; x_wconf 80' lang='lat' dir='ltr'><strong>tenentur</strong></span> <span class='ocrx_word' id='word_1_91' title='bbox 1487 2417 1647 2502; x_wconf 87' lang='lat' dir='ltr'><strong>praepa·</strong></span> 
     </span>
     <span class='ocr_line' id='line_1_13' title="bbox 237 2525 1643 2638; baseline -0.001 -30"><span class='ocrx_word' id='word_1_92' title='bbox 237 2535 343 2630; x_wconf 88' lang='lat' dir='ltr'><strong>rent,</strong></span> <span class='ocrx_word' id='word_1_93' title='bbox 362 2527 416 2608; x_wconf 87' lang='lat' dir='ltr'><strong>ita</strong></span> <span class='ocrx_word' id='word_1_94' title='bbox 428 2535 472 2608; x_wconf 90' lang='lat' dir='ltr'><strong>ut</strong></span> <span class='ocrx_word' id='word_1_95' title='bbox 486 2525 704 2636; x_wconf 86' lang='lat' dir='ltr'><strong>imperatori</strong></span> <span class='ocrx_word' id='word_1_96' title='bbox 722 2527 855 2610; x_wconf 89' lang='lat' dir='ltr'><strong>notitia</strong></span> <span class='ocrx_word' id='word_1_97' title='bbox 881 2553 959 2611; x_wconf 93' lang='lat' dir='ltr'><strong>non</strong></span> <span class='ocrx_word' id='word_1_98' title='bbox 988 2528 1116 2611; x_wconf 84' lang='lat' dir='ltr'><strong>veniat</strong></span> <span class='ocrx_word' id='word_1_99' title='bbox 1136 2529 1242 2638; x_wconf 92' lang='lat' dir='ltr'><strong>quod</strong></span> <span class='ocrx_word' id='word_1_100' title='bbox 1259 2527 1406 2610; x_wconf 86' lang='lat' dir='ltr'><strong>tamdiu</strong></span> <span class='ocrx_word' id='word_1_101' title='bbox 1424 2525 1643 2608; x_wconf 87' lang='lat' dir='ltr'><strong>missionem</strong></span> 
     </span>
     <span class='ocr_line' id='line_1_14' title="bbox 237 2655 1646 2769; baseline 0.003 -33"><span class='ocrx_word' id='word_1_102' title='bbox 237 2655 451 2739; x_wconf 86' lang='lat' dir='ltr'><strong>litterarum</strong></span> <span class='ocrx_word' id='word_1_103' title='bbox 476 2659 711 2765; x_wconf 84' lang='lat' dir='ltr'><strong>distulerint,</strong></span> <span class='ocrx_word' id='word_1_104' title='bbox 737 2685 861 2769; x_wconf 90' lang='lat' dir='ltr'><strong>neque</strong></span> <span class='ocrx_word' id='word_1_105' title='bbox 887 2660 1011 2742; x_wconf 92' lang='lat' dir='ltr'><strong>eidem</strong></span> <span class='ocrx_word' id='word_1_106' title='bbox 1041 2660 1190 2744; x_wconf 87' lang='lat' dir='ltr'><strong>occasio</strong></span> <span class='ocrx_word' id='word_1_107' title='bbox 1216 2658 1443 2769; x_wconf 88' lang='lat' dir='ltr'><strong>praebeatur</strong></span> <span class='ocrx_word' id='word_1_108' title='bbox 1468 2657 1646 2741; x_wconf 90' lang='lat' dir='ltr'><strong>cumdem</strong></span> 
     </span>
    </p>
   </div>
   <div class='ocr_carea' id='block_1_4' title="bbox 238 2789 770 2903">
    <p class='ocr_par' dir='ltr' id='par_1_5' title="bbox 238 2789 770 2903">
     <span class='ocr_line' id='line_1_15' title="bbox 238 2789 770 2903; baseline 0.004 -33"><span class='ocrx_word' id='word_1_109' title='bbox 238 2815 464 2874; x_wconf 88' lang='lat' dir='ltr'><strong>succursum</strong></span> <span class='ocrx_word' id='word_1_110' title='bbox 481 2789 676 2875; x_wconf 82' lang='lat' dir='ltr'><strong>differendi</strong></span> <span class='ocrx_word' id='word_1_111' title='bbox 694 2789 770 2903; x_wconf 91' lang='lat'>(1).</span> 
     </span>
    </p>
   </div>
   <div class='ocr_carea' id='block_1_5' title="bbox 318 3029 1644 3219">
    <p class='ocr_par' dir='ltr' id='par_1_6' title="bbox 318 3029 1644 3219">
     <span class='ocr_line' id='line_1_16' title="bbox 318 3029 1644 3115; baseline -0.003 -19"><span class='ocrx_word' id='word_1_112' title='bbox 318 3033 838 3112; x_wconf 71' lang='lat' dir='ltr'><strong>(eou.parum1tsssms.,snmt</strong></span> <span class='ocrx_word' id='word_1_113' title='bbox 851 3033 990 3112; x_wconf 59' lang='lat' dir='ltr'><strong>eccm.</strong></span> <span class='ocrx_word' id='word_1_114' title='bbox 1004 3037 1031 3115; x_wconf 90' lang='lat' dir='ltr'><strong>l,</strong></span> <span class='ocrx_word' id='word_1_115' title='bbox 1044 3035 1085 3097; x_wconf 84' lang='lat' dir='ltr'><strong>sd</strong></span> <span class='ocrx_word' id='word_1_116' title='bbox 1097 3051 1165 3097; x_wconf 86' lang='lat' dir='ltr'><strong>auu.</strong></span> <span class='ocrx_word' id='word_1_117' title='bbox 1180 3031 1360 3114; x_wconf 75' lang='lat' dir='ltr'><strong>¹²²7,§V1,</strong></span> <span class='ocrx_word' id='word_1_118' title='bbox 1373 3049 1391 3094; x_wconf 87' lang='lat' dir='ltr'><strong>e</strong></span> <span class='ocrx_word' id='word_1_119' title='bbox 1402 3033 1520 3111; x_wconf 74' lang='lat' dir='ltr'><strong>bugasti</strong></span> <span class='ocrx_word' id='word_1_120' title='bbox 1531 3029 1644 3103; x_wconf 84' lang='lat' dir='ltr'><strong>llb.lll,</strong></span> 
     </span>
     <span class='ocr_line' id='line_1_17' title="bbox 359 3140 1491 3219; baseline -0.004 -18"><span class='ocrx_word' id='word_1_121' title='bbox 359 3140 491 3219; x_wconf 79' lang='lat' dir='ltr'><strong>meso.)</strong></span> <span class='ocrx_word' id='word_1_122' title='bbox 1488 3153 1491 3160; x_wconf 93' lang='lat'><em>·</em></span> 
     </span>
    </p>
   </div>
   <div class='ocr_carea' id='block_1_6' title="bbox 202 3351 1648 3942">
    <p class='ocr_par' dir='ltr' id='par_1_7' title="bbox 202 3351 1648 3942">
     <span class='ocr_line' id='line_1_18' title="bbox 202 3351 1644 3444; baseline -0.001 -21"><span class='ocrx_word' id='word_1_123' title='bbox 202 3406 206 3415; x_wconf 77' lang='lat'><strong>,</strong></span> <span class='ocrx_word' id='word_1_124' title='bbox 287 3351 475 3444; x_wconf 85' lang='lat' dir='ltr'><strong>Honorius,</strong></span> <span class='ocrx_word' id='word_1_125' title='bbox 498 3361 580 3444; x_wconf 82' lang='lat' dir='ltr'><strong>etc,</strong></span> <span class='ocrx_word' id='word_1_126' title='bbox 601 3355 788 3428; x_wconf 88' lang='lat' dir='ltr'><strong>rectoribus</strong></span> <span class='ocrx_word' id='word_1_127' title='bbox 807 3355 985 3430; x_wconf 85' lang='lat' dir='ltr'><strong>Societatis</strong></span> <span class='ocrx_word' id='word_1_128' title='bbox 1007 3352 1230 3444; x_wconf 85' lang='lat' dir='ltr'><strong>lombardie,</strong></span> <span class='ocrx_word' id='word_1_129' title='bbox 1246 3362 1301 3427; x_wconf 90' lang='lat' dir='ltr'><strong>etc</strong></span> <span class='ocrx_word' id='word_1_130' title='bbox 1303 3403 1644 3426; x_wconf 89' lang='grc'><strong>...........</strong></span> 
     </span>
     <span class='ocr_line' id='line_1_19' title="bbox 240 3473 1646 3570; baseline 0.001 -25"><span class='ocrx_word' id='word_1_131' title='bbox 240 3473 341 3546; x_wconf 90' lang='lat' dir='ltr'><strong>nobie</strong></span> <span class='ocrx_word' id='word_1_132' title='bbox 356 3481 391 3546; x_wconf 88' lang='lat' dir='ltr'><strong>et</strong></span> <span class='ocrx_word' id='word_1_133' title='bbox 407 3473 475 3568; x_wconf 92' lang='lat' dir='ltr'><strong>ipsi</strong></span> <span class='ocrx_word' id='word_1_134' title='bbox 495 3475 708 3570; x_wconf 89' lang='lat' dir='ltr'><strong>imperatori,</strong></span> <span class='ocrx_word' id='word_1_135' title='bbox 726 3477 820 3548; x_wconf 91' lang='lat' dir='ltr'><strong>omui</strong></span> <span class='ocrx_word' id='word_1_136' title='bbox 843 3479 1023 3550; x_wconf 83' lang='lat' dir='ltr'><strong>occasione</strong></span> <span class='ocrx_word' id='word_1_137' title='bbox 1044 3487 1079 3552; x_wconf 88' lang='lat' dir='ltr'><strong>et</strong></span> <span class='ocrx_word' id='word_1_138' title='bbox 1101 3477 1324 3550; x_wconf 85' lang='lat' dir='ltr'><strong>excusatione</strong></span> <span class='ocrx_word' id='word_1_139' title='bbox 1346 3475 1579 3563; x_wconf 86' lang='lat' dir='ltr'><strong>cessantibus,</strong></span> <span class='ocrx_word' id='word_1_140' title='bbox 1598 3475 1646 3547; x_wconf 86' lang='lat' dir='ltr'><strong>ita</strong></span> 
     </span>
     <span class='ocr_line' id='line_1_20' title="bbox 238 3586 1648 3696; baseline 0.001 -27"><span class='ocrx_word' id='word_1_141' title='bbox 238 3597 394 3670; x_wconf 88' lang='lat' dir='ltr'><strong>celeriter</strong></span> <span class='ocrx_word' id='word_1_142' title='bbox 408 3586 658 3696; x_wconf 74' lang='lat' dir='ltr'><strong>transmittatis,</strong></span> <span class='ocrx_word' id='word_1_143' title='bbox 677 3599 774 3694; x_wconf 89' lang='lat' dir='ltr'><strong>quod</strong></span> <span class='ocrx_word' id='word_1_144' title='bbox 787 3621 857 3672; x_wconf 92' lang='lat' dir='ltr'><strong>non</strong></span> <span class='ocrx_word' id='word_1_145' title='bbox 877 3601 985 3695; x_wconf 87' lang='lat' dir='ltr'><strong>possit</strong></span> <span class='ocrx_word' id='word_1_146' title='bbox 1000 3599 1046 3672; x_wconf 90' lang='lat' dir='ltr'><strong>ad</strong></span> <span class='ocrx_word' id='word_1_147' title='bbox 1064 3601 1174 3696; x_wconf 91' lang='lat' dir='ltr'><strong>ipsius</strong></span> <span class='ocrx_word' id='word_1_148' title='bbox 1191 3600 1403 3696; x_wconf 88' lang='lat' dir='ltr'><strong>imperatorie</strong></span> <span class='ocrx_word' id='word_1_149' title='bbox 1419 3599 1540 3672; x_wconf 87' lang='lat' dir='ltr'><strong>venire</strong></span> <span class='ocrx_word' id='word_1_150' title='bbox 1553 3598 1648 3672; x_wconf 88' lang='lat' dir='ltr'><strong>uoti-</strong></span> 
     </span>
     <span class='ocr_line' id='line_1_21' title="bbox 236 3721 1647 3822; baseline 0.001 -30"><span class='ocrx_word' id='word_1_151' title='bbox 236 3721 322 3822; x_wconf 76' lang='lat' dir='ltr'><strong>tiam</strong></span> <span class='ocrx_word' id='word_1_152' title='bbox 337 3721 393 3794; x_wconf 87' lang='lat' dir='ltr'><strong>vel</strong></span> <span class='ocrx_word' id='word_1_153' title='bbox 412 3743 475 3795; x_wconf 87' lang='lat' dir='ltr'><strong>vos</strong></span> <span class='ocrx_word' id='word_1_154' title='bbox 490 3721 641 3817; x_wconf 88' lang='lat' dir='ltr'><strong>ipsarum</strong></span> <span class='ocrx_word' id='word_1_155' title='bbox 655 3722 844 3796; x_wconf 88' lang='lat' dir='ltr'><strong>litterarum</strong></span> <span class='ocrx_word' id='word_1_156' title='bbox 858 3723 1055 3796; x_wconf 88' lang='lat' dir='ltr'><strong>missionem</strong></span> <span class='ocrx_word' id='word_1_157' title='bbox 1069 3723 1243 3796; x_wconf 90' lang='lat' dir='ltr'><strong>distulisse</strong></span> <span class='ocrx_word' id='word_1_158' title='bbox 1253 3721 1384 3796; x_wconf 87' lang='lat' dir='ltr'><strong>tamdiu</strong></span> <span class='ocrx_word' id='word_1_159' title='bbox 1399 3723 1533 3820; x_wconf 85' lang='lat' dir='ltr'><strong>veluus</strong></span> <span class='ocrx_word' id='word_1_160' title='bbox 1548 3722 1647 3794; x_wconf 86' lang='lat' dir='ltr'><strong>vobis</strong></span> 
     </span>
     <span class='ocr_line' id='line_1_22' title="bbox 239 3844 1647 3942; baseline 0.002 -27"><span class='ocrx_word' id='word_1_161' title='bbox 239 3865 345 3939; x_wconf 88' lang='lat' dir='ltr'><strong>super</strong></span> <span class='ocrx_word' id='word_1_162' title='bbox 361 3844 428 3918; x_wconf 89' lang='lat' dir='ltr'><strong>boc</strong></span> <span class='ocrx_word' id='word_1_163' title='bbox 449 3845 569 3918; x_wconf 89' lang='lat' dir='ltr'><strong>iterato</strong></span> <span class='ocrx_word' id='word_1_164' title='bbox 585 3845 778 3942; x_wconf 78' lang='lat' dir='ltr'><strong>suipsiese3</strong></span> <span class='ocrx_word' id='word_1_165' title='bbox 799 3869 841 3920; x_wconf 90' lang='lat' dir='ltr'><strong>ac</strong></span> <span class='ocrx_word' id='word_1_166' title='bbox 854 3846 989 3920; x_wconf 85' lang='lat' dir='ltr'><strong>iuterim</strong></span> <span class='ocrx_word' id='word_1_167' title='bbox 1006 3847 1229 3918; x_wconf 89' lang='lat' dir='ltr'><strong>nibilominus</strong></span> <span class='ocrx_word' id='word_1_168' title='bbox 1248 3869 1328 3918; x_wconf 90' lang='lat' dir='ltr'><strong>cum</strong></span> <span class='ocrx_word' id='word_1_169' title='bbox 1353 3867 1395 3920; x_wconf 89' lang='lat' dir='ltr'><strong>ea</strong></span> <span class='ocrx_word' id='word_1_170' title='bbox 1415 3845 1647 3930; x_wconf 85' lang='lat' dir='ltr'><strong>sollicitudine</strong></span> 
     </span>
    </p>
   </div>
   <div class='ocr_carea' id='block_1_7' title="bbox 234 4149 1651 4616">
    <p class='ocr_par' dir='ltr' id='par_1_8' title="bbox 234 4149 1651 4616">
     <span class='ocr_line' id='line_1_23' title="bbox 277 4149 1646 4227; baseline 0.001 -21"><span class='ocrx_word' id='word_1_171' title='bbox 277 4149 312 4224; x_wconf 80' lang='lat' dir='ltr'><strong>(t)</strong></span> <span class='ocrx_word' id='word_1_172' title='bbox 329 4151 447 4209; x_wconf 80' lang='lat' dir='ltr'><strong>Novaro</strong></span> <span class='ocrx_word' id='word_1_173' title='bbox 460 4155 606 4226; x_wconf 84' lang='lat' dir='ltr'><strong>apparatus</strong></span> <span class='ocrx_word' id='word_1_174' title='bbox 620 4167 713 4210; x_wconf 72' lang='lat' dir='ltr'><strong>merae</strong></span> <span class='ocrx_word' id='word_1_175' title='bbox 728 4153 907 4227; x_wconf 84' lang='lat' dir='ltr'><strong>expeditionis</strong></span> <span class='ocrx_word' id='word_1_176' title='bbox 917 4155 946 4211; x_wconf 91' lang='lat' dir='ltr'><strong>iu</strong></span> <span class='ocrx_word' id='word_1_177' title='bbox 960 4154 1103 4213; x_wconf 77' lang='lat' dir='ltr'><strong>Germania</strong></span> <span class='ocrx_word' id='word_1_178' title='bbox 1120 4159 1257 4227; x_wconf 86' lang='lat' dir='ltr'><strong>teperent,</strong></span> <span class='ocrx_word' id='word_1_179' title='bbox 1269 4151 1348 4226; x_wconf 85' lang='lat' dir='ltr'><strong>poulo</strong></span> <span class='ocrx_word' id='word_1_180' title='bbox 1361 4157 1423 4210; x_wconf 86' lang='lat' dir='ltr'><strong>aute</strong></span> <span class='ocrx_word' id='word_1_181' title='bbox 1436 4167 1558 4210; x_wconf 90' lang='lat' dir='ltr'><strong>summus</strong></span> <span class='ocrx_word' id='word_1_182' title='bbox 1571 4167 1646 4226; x_wconf 87' lang='lat' dir='ltr'><strong>pou·</strong></span> 
     </span>
     <span class='ocr_line' id='line_1_24' title="bbox 240 4237 1648 4324; baseline 0.003 -22"><span class='ocrx_word' id='word_1_183' title='bbox 240 4237 306 4303; x_wconf 76' lang='lat' dir='ltr'><strong>&#39;tiiex</strong></span> <span class='ocrx_word' id='word_1_184' title='bbox 324 4247 505 4306; x_wconf 84' lang='lat' dir='ltr'><strong>llermauuum</strong></span> <span class='ocrx_word' id='word_1_185' title='bbox 523 4249 621 4306; x_wconf 82' lang='lat' dir='ltr'><strong>domus</strong></span> <span class='ocrx_word' id='word_1_186' title='bbox 638 4248 865 4307; x_wconf 81' lang='lat' dir='ltr'><strong>Tbsutouicorum</strong></span> <span class='ocrx_word' id='word_1_187' title='bbox 876 4251 1032 4324; x_wconf 79' lang='lat' dir='ltr'><strong>magistrum</strong></span> <span class='ocrx_word' id='word_1_188' title='bbox 1048 4251 1172 4320; x_wconf 69' lang='lat' dir='ltr'><strong>miserm,</strong></span> <span class='ocrx_word' id='word_1_189' title='bbox 1188 4249 1283 4306; x_wconf 86' lang='lat' dir='ltr'><strong>litteris</strong></span> <span class='ocrx_word' id='word_1_190' title='bbox 1295 4247 1448 4321; x_wconf 75' lang='lat' dir='ltr'><strong>significans</strong></span> <span class='ocrx_word' id='word_1_191' title='bbox 1465 4247 1568 4322; x_wconf 86' lang='lat' dir='ltr'><strong>sopitos</strong></span> <span class='ocrx_word' id='word_1_192' title='bbox 1586 4263 1648 4306; x_wconf 87' lang='lat' dir='ltr'><strong>esse</strong></span> 
     </span>
     <span class='ocr_line' id='line_1_25' title="bbox 240 4343 1648 4422; baseline 0.001 -21"><span class='ocrx_word' id='word_1_193' title='bbox 240 4343 415 4404; x_wconf 73' lang='lat' dir='ltr'><strong>lombardiae</strong></span> <span class='ocrx_word' id='word_1_194' title='bbox 431 4345 560 4404; x_wconf 81' lang='lat' dir='ltr'><strong>unctus</strong></span> <span class='ocrx_word' id='word_1_195' title='bbox 575 4351 604 4404; x_wconf 90' lang='lat' dir='ltr'><strong>et</strong></span> <span class='ocrx_word' id='word_1_196' title='bbox 620 4346 769 4421; x_wconf 87' lang='lat' dir='ltr'><strong>omnesqui</strong></span> <span class='ocrx_word' id='word_1_197' title='bbox 785 4353 848 4405; x_wconf 87' lang='lat' dir='ltr'><strong>voto</strong></span> <span class='ocrx_word' id='word_1_198' title='bbox 862 4347 1101 4422; x_wconf 78' lang='lat' dir='ltr'><strong>lliemsolymitauo</strong></span> <span class='ocrx_word' id='word_1_199' title='bbox 1112 4363 1143 4404; x_wconf 87' lang='lat' dir='ltr'><strong>se</strong></span> <span class='ocrx_word' id='word_1_200' title='bbox 1159 4345 1336 4403; x_wconf 83' lang='lat' dir='ltr'><strong>astrinxerant</strong></span> <span class='ocrx_word' id='word_1_201' title='bbox 1352 4345 1440 4402; x_wconf 86' lang='lat' dir='ltr'><strong>itineri</strong></span> <span class='ocrx_word' id='word_1_202' title='bbox 1458 4360 1489 4402; x_wconf 88' lang='lat' dir='ltr'><strong>se</strong></span> <span class='ocrx_word' id='word_1_203' title='bbox 1505 4345 1648 4420; x_wconf 76' lang='lat' dir='ltr'><strong>accingere</strong></span> 
     </span>
     <span class='ocr_line' id='line_1_26' title="bbox 234 4441 1649 4519; baseline 0.001 -21"><span class='ocrx_word' id='word_1_204' title='bbox 234 4441 347 4514; x_wconf 87' lang='lat' dir='ltr'><strong>jubens.</strong></span> <span class='ocrx_word' id='word_1_205' title='bbox 372 4443 432 4513; x_wconf 83' lang='lat' dir='ltr'><strong>Quo</strong></span> <span class='ocrx_word' id='word_1_206' title='bbox 449 4449 606 4518; x_wconf 79' lang='lat' dir='ltr'><strong>mgumento</strong></span> <span class='ocrx_word' id='word_1_207' title='bbox 623 4445 659 4502; x_wconf 90' lang='lat' dir='ltr'><strong>ad</strong></span> <span class='ocrx_word' id='word_1_208' title='bbox 676 4444 810 4503; x_wconf 75' lang='lat' dir='ltr'><strong>budream</strong></span> <span class='ocrx_word' id='word_1_209' title='bbox 830 4445 963 4519; x_wconf 80' lang='lat' dir='ltr'><strong>Ungariae</strong></span> <span class='ocrx_word' id='word_1_210' title='bbox 983 4461 1073 4518; x_wconf 78' lang='lat' dir='ltr'><strong>regem</strong></span> <span class='ocrx_word' id='word_1_211' title='bbox 1092 4451 1120 4501; x_wconf 89' lang='lat' dir='ltr'><strong>ct</strong></span> <span class='ocrx_word' id='word_1_212' title='bbox 1137 4443 1172 4500; x_wconf 90' lang='lat' dir='ltr'><strong>ad</strong></span> <span class='ocrx_word' id='word_1_213' title='bbox 1189 4443 1354 4500; x_wconf 77' lang='lat' dir='ltr'><strong>ludovicum</strong></span> <span class='ocrx_word' id='word_1_214' title='bbox 1374 4441 1549 4516; x_wconf 75' lang='lat' dir='ltr'><strong>lantgravium</strong></span> <span class='ocrx_word' id='word_1_215' title='bbox 1570 4441 1649 4500; x_wconf 86' lang='lat' dir='ltr'><strong>Thu-</strong></span> 
     </span>
     <span class='ocr_line' id='line_1_27' title="bbox 239 4538 1651 4616; baseline 0.001 -20"><span class='ocrx_word' id='word_1_216' title='bbox 239 4538 342 4612; x_wconf 80' lang='lat' dir='ltr'><strong>ringias</strong></span> <span class='ocrx_word' id='word_1_217' title='bbox 362 4539 484 4614; x_wconf 88' lang='lat' dir='ltr'><strong>scripsit,</strong></span> <span class='ocrx_word' id='word_1_218' title='bbox 507 4557 576 4615; x_wconf 88' lang='lat' dir='ltr'><strong>quos</strong></span> <span class='ocrx_word' id='word_1_219' title='bbox 597 4539 693 4599; x_wconf 86' lang='lat' dir='ltr'><strong>eodem</strong></span> <span class='ocrx_word' id='word_1_220' title='bbox 712 4541 862 4600; x_wconf 88' lang='lat' dir='ltr'><strong>litterarum</strong></span> <span class='ocrx_word' id='word_1_221' title='bbox 885 4540 1008 4616; x_wconf 82' lang='lat' dir='ltr'><strong>exemplo</strong></span> <span class='ocrx_word' id='word_1_222' title='bbox 1030 4541 1065 4598; x_wconf 93' lang='lat' dir='ltr'><strong>ad</strong></span> <span class='ocrx_word' id='word_1_223' title='bbox 1085 4539 1304 4598; x_wconf 83' lang='lat' dir='ltr'><strong>conscendendas</strong></span> <span class='ocrx_word' id='word_1_224' title='bbox 1326 4554 1420 4597; x_wconf 91' lang='lat' dir='ltr'><strong>meuse</strong></span> <span class='ocrx_word' id='word_1_225' title='bbox 1437 4545 1549 4613; x_wconf 74' lang='lat' dir='ltr'><strong>augusto</strong></span> <span class='ocrx_word' id='word_1_226' title='bbox 1567 4554 1651 4597; x_wconf 83' lang='lat' dir='ltr'><strong>naves</strong></span> 
     </span>
    </p>
   </div>
   <div class='ocr_carea' id='block_1_8' title="bbox 240 4635 1649 4792">
    <p class='ocr_par' dir='ltr' id='par_1_9' title="bbox 240 4635 1649 4792">
     <span class='ocr_line' id='line_1_28' title="bbox 240 4635 1649 4712; baseline 0.002 -19"><span class='ocrx_word' id='word_1_227' title='bbox 240 4643 348 4709; x_wconf 85' lang='lat' dir='ltr'><strong>paratos</strong></span> <span class='ocrx_word' id='word_1_228' title='bbox 362 4653 394 4694; x_wconf 88' lang='lat' dir='ltr'><strong>sc</strong></span> <span class='ocrx_word' id='word_1_229' title='bbox 411 4638 550 4712; x_wconf 86' lang='lat' dir='ltr'><strong>expeditos</strong></span> <span class='ocrx_word' id='word_1_230' title='bbox 566 4654 627 4697; x_wconf 84' lang='lat' dir='ltr'><strong>osse</strong></span> <span class='ocrx_word' id='word_1_231' title='bbox 641 4639 754 4697; x_wconf 89' lang='lat' dir='ltr'><strong>monuit.</strong></span> <span class='ocrx_word' id='word_1_232' title='bbox 769 4639 810 4698; x_wconf 86' lang='lat' dir='ltr'><strong>ut.</strong></span> <span class='ocrx_word' id='word_1_233' title='bbox 826 4641 979 4711; x_wconf 72' lang='lat' dir='ltr'><strong>Rursum,</strong></span> <span class='ocrx_word' id='word_1_234' title='bbox 993 4636 1110 4710; x_wconf 75' lang='lat' dir='ltr'><strong>Ibidem,</strong></span> <span class='ocrx_word' id='word_1_235' title='bbox 1124 4638 1141 4712; x_wconf 65' lang='grc'>9</span> <span class='ocrx_word' id='word_1_236' title='bbox 1155 4637 1217 4710; x_wconf 82' lang='lat' dir='ltr'><strong>vlt,</strong></span> <span class='ocrx_word' id='word_1_237' title='bbox 1232 4654 1267 4696; x_wconf 88' lang='lat' dir='ltr'><strong>ex</strong></span> <span class='ocrx_word' id='word_1_238' title='bbox 1278 4638 1386 4711; x_wconf 79' lang='lat' dir='ltr'><strong>llegest.</strong></span> <span class='ocrx_word' id='word_1_239' title='bbox 1402 4636 1519 4709; x_wconf 87' lang='lat' dir='ltr'><strong>llouor.,</strong></span> <span class='ocrx_word' id='word_1_240' title='bbox 1534 4635 1583 4696; x_wconf 91' lang='lat' dir='ltr'><strong>lib.</strong></span> <span class='ocrx_word' id='word_1_241' title='bbox 1595 4639 1649 4709; x_wconf 84' lang='lat' dir='ltr'><strong>xl,</strong></span> 
     </span>
     <span class='ocr_line' id='line_1_29' title="bbox 242 4731 422 4792; baseline 0.022 -4"><span class='ocrx_word' id='word_1_242' title='bbox 242 4731 281 4788; x_wconf 75' lang='lat' dir='ltr'><strong>m·</strong></span> <span class='ocrx_word' id='word_1_243' title='bbox 295 4735 422 4792; x_wconf 64' lang='lat' dir='ltr'><strong>teuto.</strong></span> 
     </span>
    </p>
   </div>
   <div class='ocr_carea' id='block_1_9' title="bbox 0 0 2178 5908">
    <p class='ocr_par' dir='ltr' id='par_1_10' title="bbox 0 0 2178 5908">
     <span class='ocr_line' id='line_1_30' title="bbox 0 0 2178 5908; baseline 0 0"><span class='ocrx_word' id='word_1_244' title='bbox 0 0 2178 5908; x_wconf 95' lang='lat' dir='ltr'><strong> </strong></span> 
     </span>
    </p>
   </div>
  </div>
 </body>
</html>
