4330 5914
220 581 323 642 hatur.
341 579 403 664 lt]
673 579 870 642 HISTORIA
894 581 1185 644 bretonartca
1578 581 1634 642 tot

221 712 544 824 Schonaum'ensis
561 723 769 798 conuentus
787 714 827 796 in
845 713 966 798 libera
990 715 1228 825 possessione
1254 715 1380 797 curiae
1402 713 1582 824 Marpach
1599 723 1639 797 et

220 846 504 931 attinentiarum
522 846 606 958 ejus
623 847 834 958 inquietare
855 857 1114 957 praesumant.

303 1062 390 1140 (Edit.
406 1078 455 1140 ap.
468 1062 542 1124 Hiat.
556 1069 774 1126 eteommeatut
786 1061 920 1124 Amdam
941 1059 1265 1136 Theodoro-Palatinae,
1278 1069 1302 1125 t.
1312 1062 1351 1138 V,
1364 1081 1395 1142 p.
1409 1071 1479 1136 5263
1493 1063 1636 1125 insertum

342 1171 374 1230 ln
396 1169 554 1248 diplomate
567 1169 785 1232 cunllrmatorlo
796 1171 941 1234 Ludovlel
953 1172 1038 1234 (luds
1052 1173 1213 1244 Muenna,
1228 1188 1296 1232 ann.
1318 1171 1416 1247 1291.)

271 1357 452 1431 Heinricns
475 1357 645 1453 septimus
669 1357 787 1430 divina
810 1358 947 1430 favente
970 1357 1080 1451 gratia
1102 1358 1331 1430 Romanorum
1353 1379 1416 1430 rex
1437 1366 1473 1431 et
1499 1379 1635 1454 semper

222 1492 393 1578 augustus
411 1483 447 1554 in
464 1492 682 1579 perpetuum.
703 1481 809 1576 Regia
828 1482 1021 1555 serenitatis
1037 1483 1177 1555 interest
1200 1483 1351 1555 maxime
1375 1503 1540 1578 personas
1558 1483 1635 1554 illas

221 1620 257 1682 et
276 1629 395 1681 caram
414 1607 647 1703 possessiones
670 1607 838 1698 contueri,
862 1607 992 1703 quibus
1013 1629 1075 1703 pre
1093 1607 1214 1680 ceteris
1232 1607 1390 1679 noverint
1408 1607 1555 1681 Domino
1571 1607 1633 1681 de·

222 1733 338 1807 votius
357 1733 527 1804 famulari.
543 1731 731 1828 Eaproptcr
744 1741 902 1804 constare
917 1733 1081 1804 volumus
1095 1731 1268 1804 universis
1280 1730 1377 1826 qnod
1391 1732 1635 1828 blarqwardns

222 1855 358 1953 dapifer
381 1855 426 1929 de
446 1856 609 1930 Auevilrc
626 1867 661 1930 et
683 1855 775 1928 filins
802 1856 960 1951 ejusdem
984 1856 1214 1930 Theodericus
1239 1857 1404 1930 infeodati
1430 1859 1566 1930 luerunt
1588 1859 1633 1930 ab

221 2001 289 2056 auo
306 1990 341 2054 et
356 1981 497 2056 domino
512 1991 628 2056 nostro
641 1983 799 2057 Heinrioo
813 1983 1020 2080 imperatore
1039 2004 1081 2056 ac
1103 1994 1226 2079 patruo
1245 1991 1361 2056 nostro
1376 1981 1534 2079 Philippo
1551 2004 1633 2078 rege

219 2105 331 2180 salicis
348 2106 511 2180 memorie
527 2105 696 2181 beneficio
715 2107 867 2203 quodam
882 2109 918 2181 in
935 2108 1154 2182 Sassenheim
1170 2118 1205 2182 et
1222 2109 1258 2180 in
1277 2107 1523 2182 Luttersbusen
1540 2109 1632 2184 circa

219 2229 443 2304 Berstraziam
459 2231 537 2304 sito.
563 2229 668 2327 Apud
686 2232 825 2306 easdem
844 2243 959 2306 antem
977 2233 1077 2306 villas
1098 2234 1218 2306 fratres
1242 2233 1539 2328 schonaugienses
1559 2234 1630 2307 Cis·

219 2354 399 2429 tercieusis
419 2355 564 2448 ordinis,
583 2357 842 2431 wormatiensis
868 2358 1032 2447 diocesis,
1058 2358 1190 2430 curiam
1218 2357 1381 2454 Marpach
1402 2357 1529 2432 dictam
1550 2383 1630 2432 cum

219 2480 333 2554 vineis
349 2491 385 2554 at
399 2481 493 2574 agris
507 2482 731 2556 attinentibus
744 2483 919 2580 possidere
933 2493 1135 2576 noscuntur,
1158 2485 1203 2558 de
1219 2484 1365 2578 quibus,
1387 2491 1507 2578 utpote
1523 2485 1630 2557 libera

219 2607 427 2703 proprietate
447 2629 584 2704 semper
604 2607 744 2698 habitis,
769 2609 854 2681 nulli
878 2609 1066 2706 aliquando
1084 2611 1141 2684 val
1161 2611 1376 2682 exactionem
1398 2608 1550 2703 aliquam
1574 2609 1630 2682 vel

219 2731 421 2826 pensionem
445 2733 695 2808 advocaticiam
721 2735 955 2810 exhibuerunt
980 2757 1045 2810 nec
1070 2735 1236 2809 exhibere
1263 2733 1470 2806 debuerunt.
1503 2735 1631 2808 Vemm

219 2857 303 2952 qnia
320 2857 358 2932 id
370 2859 472 2933 etiam
490 2860 592 2934 nobis
605 2861 768 2956 legitimis
784 2871 854 2935 tam
868 2861 1022 2957 ipsorum
1041 2883 1147 2956 quam
1173 2858 1364 2931 vicinorum
1384 2859 1632 2934 assertionibus

220 2981 373 3054 constitit
390 2983 607 3076 euidentius,
634 2987 790 3059 uolentes
811 2983 944 3059 eisdem
970 2985 1133 3058 tratribus
1157 2993 1225 3056 tam
1250 2983 1306 3054 illa
1328 3005 1435 3076 quam
1457 2983 1526 3057 alia
1545 3007 1631 3079 qne-

219 3124 371 3200 cumque
390 3128 412 3179 a
433 3107 708 3204 progenitoribus
737 3109 861 3182 nostris
886 3108 1006 3182 babila
1033 3109 1216 3182 contovere
1236 3105 1361 3202 pariter
1383 3117 1418 3179 et
1443 3109 1628 3204 ampliare,

218 3229 428 3304 mandamus
445 3241 549 3328 atquc
567 3234 635 3307 sub
650 3235 792 3308 obtentu
811 3235 920 3330 gratie
939 3243 1055 3307 nostre
1072 3233 1224 3306 districte
1242 3230 1453 3327 precipimus
1469 3233 1631 3306 omnibns

218 3352 266 3426 ad
284 3355 480 3450 qncsidem
498 3357 706 3433 beneficium
727 3360 929 3434 devolutum
946 3359 1049 3433 suerit
1070 3381 1115 3432 nc
1135 3357 1200 3455 ipsi
1218 3357 1399 3431 occasione
1423 3357 1538 3453 aliqua
1558 3361 1632 3433 lra-

217 3486 288 3552 tres
302 3478 476 3576 predictos
494 3481 531 3554 in
551 3484 647 3559 cuna
668 3485 832 3580 Marpach
855 3493 1034 3582 prenotata
1053 3493 1088 3558 et
1108 3482 1385 3580 possessionibus
1408 3483 1631 3558 attinentibus

218 3624 281 3700 per
297 3606 514 3680 exactionem
539 3608 596 3682 vel
611 3610 670 3702 jus
693 3609 837 3706 aliquod
858 3610 907 3682 ibi
930 3608 1179 3705 requirendum
1201 3607 1394 3703 inquietare
1411 3623 1628 3704 presumant,

217 3750 341 3802 verum
357 3739 427 3803 tam
444 3730 503 3804 hic
520 3754 625 3827 quam
639 3734 736 3828 alibi,
755 3734 953 3809 omnimoda
971 3733 1216 3830 tranquillitate
1233 3734 1269 3804 in
1287 3735 1360 3808 suis
1376 3733 1507 3824 habita,
1528 3757 1630 3810 com-

218 3854 384 3928 munibus
401 3877 544 3952 qnoque
556 3857 686 3932 civium
700 3860 852 3956 pascuis,
875 3860 988 3957 aquis,
1009 3859 1129 3956 pratis,
1145 3857 1255 3954 sylvis
1272 3880 1313 3932 ae
1331 3857 1452 3932 ceteris
1470 3879 1631 3934 commu-

217 3977 397 4072 nitatibus,
419 3980 510 4054 sieut
527 3982 695 4058 hactenns
711 3985 912 4078 extiterunt,
931 3985 982 4058 sic
997 3993 1033 4057 et
1047 3983 1173 4057 amodo
1191 3983 1300 4055 multo
1318 3983 1429 4080 magis
1446 3985 1629 4080 participes

217 4102 381 4177 existant.
411 4107 514 4192 Quod
541 4108 573 4180 si
601 4109 680 4203 quis
705 4109 787 4182 hnic
811 4118 927 4182 nostro
955 4108 1118 4182 mandato
1146 4108 1315 4180 contraire
1336 4117 1370 4180 et
1396 4108 1629 4204 predictorum

217 4228 359 4300 fratrum
384 4229 575 4306 libertatem
602 4233 776 4309 infirmare
798 4234 1062 4333 presumpserit,
1086 4241 1201 4307 nostro
1216 4255 1255 4306 se
1279 4233 1413 4308 noverit
1436 4233 1629 4309 severitatis

217 4351 350 4426 offensa
365 4353 597 4448 puniendum.

222 4571 225 4580 A
267 4477 392 4550 Datum
412 4480 589 4555 Stalbnbel
604 4480 671 4579 (l),
690 4484 727 4556 in
743 4484 895 4582 generali
920 4483 1046 4581 placito
1068 4504 1183 4556 coram
1207 4483 1308 4556 nobis
1334 4481 1464 4556 ibidem
1492 4482 1623 4575 habito,

253 4729 482 4891 (ἢῐὶιοωηιιιῐι
494 4738 667 4815 ladenburg,
679 4739 884 4816 Heidelbergam
898 4740 967 4799 inter
980 4746 1008 4798 et
1020 4741 1168 4800 llanheim.

329 4872 339 4893 .
359 4845 416 4892 Pan
431 4850 453 4893 a
1436 4851 1474 4904 96
