4330 5914
212 649 311 710 lantes.
330 647 392 728 ll.]
664 641 860 704 HISTORIA
884 631 1180 702 utrtotts'rtcn.
1572 617 1631 682 755

262 785 388 856 Datum
412 777 510 875 apud
534 774 745 871 Augustam,
761 795 854 850 anno
878 773 924 846 ab
951 769 1184 845 incarnatione
1209 761 1346 839 Domini
1364 757 1547 833 millesimo
1563 755 1628 828 CC⁰

213 907 350 999 xxflr,
370 905 462 979 XVII
480 902 646 977 kalendas
664 901 801 999 aprilis,
822 897 1011 974 indictione
1023 897 1083 970 Xl.

269 1339 475 1440 Heminae,
502 1339 764 1426 Romanorum
789 1367 875 1450 rex,
903 1339 1066 1426 ilenrico
1086 1337 1175 1424 duci
1198 1335 1384 1422 Saxoniae
1410 1332 1630 1420 eldiberto
1698 1359 1801 1469 pipp,

216 1474 305 1560 duci
323 1474 514 1588 Angariae
531 1476 690 1560 mandat
714 1485 758 1560 ut
779 1502 868 1561 cum
886 1501 1062 1560 summus
1079 1471 1249 1586 pontifex
1275 1482 1313 1558 et
1337 1469 1517 1556 dominus
1544 1471 1628 1553 im-

216 1620 369 1720 perator
387 1610 563 1695 Conrado
580 1610 882 1694 Hildeshcmensi
908 1611 1085 1721 episcopo
1110 1609 1211 1694 uices
1233 1608 1406 1692 dederint
1423 1605 1631 1691 seruandae

217 1745 323 1854 pacis
339 1745 380 1828 in
400 1744 574 1854 partlm
599 1744 703 1846 istis,
733 1744 784 1827 ad
813 1744 942 1828 locum
973 1752 1012 1828 et
1036 1743 1139 1826 diem
1169 1768 1267 1854 quos
1298 1741 1401 1826 idem
1431 1741 1631 1852 episcopus

217 1877 432 1990 praefixerit
447 1879 647 1984 accedant,
668 1902 802 1988 paoem
818 1877 1054 1962 concorditer
1063 1875 1242 1989 juraturi.

298 2096 397 2172 (Edld.
408 2094 533 2172 Sauum,
550 2095 666 2179 Orlpim
678 2093 786 2178 derit,
800 2103 874 2160 tom.
884 2096 941 2176 111,
950 2112 981 2175 p.
995 2102 1069 2172 tet,
1080 2111 1120 2158 ex
1132 2095 1225 2156 ueteri
1238 2093 1339 2156 codlce
1348 2091 1550 2172 Mogontino.)

268 2285 311 2356 Η.
326 2284 392 2359 liei
411 2285 521 2380 gratia
545 2285 777 2360 Romanorum
797 2305 877 2377 rex,
895 2305 1032 2382 semper
1053 2293 1242 2380 augustus,
1260 2283 1303 2356 ll.
1328 2281 1411 2357 duci
1432 2281 1584 2356 Saxonis
1598 2290 1634 2356 et

219 2407 263 2484 Α.
291 2409 375 2485 duci
404 2409 554 2506 Angaric
581 2419 617 2484 et
645 2410 829 2484 incorum
853 2407 1095 2504 jurisdictione
1118 2407 1324 2483 constitutis.
1352 2406 1505 2481 lnnotuit
1534 2405 1634 2480 nobis

220 2534 317 2630 quod
332 2557 491 2610 summus
503 2535 681 2628 Pontifex,
700 2534 857 2608 similiter
869 2555 1008 2630 quoque
1027 2532 1189 2607 dominus
1205 2533 1390 2630 imperator
1407 2542 1504 2628 pater
1521 2541 1637 2606 noster

221 2659 358 2735 dederit
375 2661 412 2734 in
429 2660 602 2736 mandatis
622 2669 657 2735 et
682 2661 847 2734 attentius
865 2659 1057 2755 injunxerit
1079 2659 1117 2732 C.
1143 2657 1429 2734 Hildesheimensi
1447 2657 1636 2734 venerabili

221 2785 384 2884 episcopo
400 2787 495 2883 apud
517 2807 578 2862 eos
601 2787 639 2860 in
662 2787 820 2885 partibus
846 2785 941 2860 ltalie
966 2785 1128 2860 existenti
1152 2782 1218 2884 (t),
1235 2794 1275 2860 ut
1288 2784 1335 2860 ad
1349 2807 1470 2883 pacem
1486 2795 1522 2860 ct
1538 2796 1637 2862 trau-

221 2911 426 3008 quillitatem
447 2911 583 2988 illarum
608 2913 758 3010 partium
780 2934 899 2986 curam
924 2920 958 2986 et
983 2933 1123 3009 operam
1141 2911 1178 2984 in
1200 2911 1317 2986 reditu
1334 2932 1399 2986 suo
1423 2910 1638 3011 impenderet

222 3036 443 3134 diligentem,
470 3037 516 3113 de
545 3037 703 3133 ejusdem
730 3037 883 3134 episcopi
912 3035 1097 3135 prudentia
1122 3047 1157 3112 et
1181 3039 1334 3114 bonitate
1364 3059 1434 3112 non
1466 3037 1639 3112 immerito

222 3173 472 3260 presumentes.
489 3164 657 3252 Quocirca
681 3163 889 3238 mandamus
918 3161 1104 3238 affectuose
1128 3185 1194 3238 vos
1218 3171 1378 3258 rogantes
1404 3171 1439 3237 et
1458 3172 1639 3239 monentes

223 3298 395 3384 quatenus
414 3291 462 3364 ob
487 3291 717 3365 reverentiam
740 3290 927 3387 apostolice
953 3290 1052 3364 Sedis
1076 3299 1111 3363 et
1135 3290 1266 3363 domini
1293 3291 1508 3386 imperatoria
1531 3292 1639 3387 patris

225 3415 331 3488 nostri
347 3425 383 3489 et
397 3436 460 3510 pro
475 3415 584 3512 patrie
600 3415 705 3489 totins
720 3417 875 3512 proiectu
897 3423 932 3489 et
952 3415 1082 3490 honore
1098 3414 1271 3490 accedatis
1293 3415 1341 3489 od
1358 3417 1473 3489 locum
1489 3425 1524 3490 et
1545 3416 1638 3491 diem

224 3560 329 3635 quem
351 3549 622 3638 prememoratus
643 3539 828 3638 episeopus
849 3535 1028 3636 prefixerit
1045 3539 1164 3634 vobis,
1183 3561 1305 3637 paoem
1322 3541 1529 3616 unanimiter
1539 3544 1637 3638 jura·

225 3665 293 3740 turi
311 3687 425 3762 usque
440 3665 487 3742 ad
503 3665 686 3741 terminum
702 3667 792 3740 inter
808 3687 873 3740 uos
889 3663 1100 3740 condictum.

279 4151 421 4240 Notitia
455 4159 740 4269 compositionis
775 4161 948 4272 praeviae
982 4163 1081 4247 inter
1116 4163 1352 4270 [Hauricum]
1384 4163 1644 4248 Romanorum
1684 4188 1823 4290 upa-ff,

228 4311 357 4398 regern
383 4299 422 4374 et
448 4291 765 4404 argentinensem
793 4295 955 4380 electum
982 4323 1098 4409 super
1123 4297 1320 4406 Rheinou,
1340 4297 1643 4408 Wassclnheim,

228 4421 447 4534 Molsheim,
467 4426 626 4541 Mutzig,
647 4431 952 4542 possessionibus
974 4433 1059 4517 aliis
1077 4433 1305 4545 juribuaque
1322 4433 1587 4520 controversis.

264 4690 298 4763 (t)
317 4689 425 4750 Sdlieet
434 4693 462 4751 in
476 4695 607 4771 colloquio
619 4697 691 4772 apud
703 4699 892 4777 Ferentinum,
906 4702 1015 4760 ineunte
1026 4703 1135 4777 martie,
1150 4703 1300 4776 celebrat03
1312 4703 1364 4762 uisi
1377 4719 1429 4763 nos
1441 4703 1475 4763 ad
1487 4719 1551 4762 ann.
1566 4707 1645 4778 tato,

233 4793 263 4844 ut
274 4789 332 4847 rult
342 4791 519 4868 Βοοιιιιιοιιιι,
537 4795 608 4854 circa
619 4812 741 4857 mensem
753 4799 848 4874 julium
861 4800 1018 4860 referamus.
