4466 5914
300 585 397 646 mmor.
416 581 476 666 14]
751 579 947 642 HISTORIA
971 579 1262 644 ntrnottAnch.
1649 579 1708 644 651

301 721 502 817 imperatur,
525 717 692 813 capellam
709 715 746 788 in
766 725 881 790 monte
897 715 1104 791 Loissboeoh
1122 717 1268 813 positam
1287 737 1394 811 quam
1415 713 1513 790 dedit
1526 715 1708 788 Heinrious

303 845 437 936 tertius,
457 842 621 916 Harivam
641 862 747 935 qnam
767 840 864 915 dedit
885 841 1064 915 Heinrions
1080 843 1220 931 tertius,
1248 843 1414 937 capellam
1436 849 1471 914 et
1490 840 1649 938 predium
1670 837 1707 913 in

301 967 512 1042 lloimbnehs
527 987 634 1061 quum
651 964 820 1038 liudolfus
836 987 906 1039 una
926 987 1006 1038 oum
1031 987 1140 1039 uxore
1160 987 1224 1040 sna
1246 965 1451 1040 Emertrnde
1472 963 1587 1056 dedit,
1611 963 1706 1041 Cun-

301 1090 407 1166 radns
430 1111 495 1164 rex
520 1085 753 1181 confirmavit,
779 1089 941 1162 ecclesias
964 1089 1001 1162 in
1023 1091 1132 1184 Berge
1151 1099 1186 1162 st
1207 1089 1412 1163 llihtarchen
1436 1089 1707 1184 [qnas1Engel-

301 1217 419 1290 bertus
447 1213 642 1310 prepositus
665 1211 838 1308 Aquensis
864 1213 1009 1286 ecclesie
1037 1213 1145 1286 dedit.
1179 1215 1250 1286 Hoc
1275 1223 1310 1287 et
1337 1214 1405 1288 alia
1431 1213 1548 1287 omnia
1576 1215 1708 1309 ubique

303 1342 455 1414 locorum
480 1339 547 1412 situ
568 1359 648 1410 oum
670 1337 764 1410 omni
780 1337 880 1430 jure,
894 1337 1027 1430 jndicio
1050 1347 1085 1410 et
1107 1339 1272 1430 utilitate,
1300 1347 1402 1434 prout
1425 1338 1540 1412 eidem
1564 1338 1708 1412 ecclesie

301 1465 423 1538 collata
443 1470 526 1536 sunt
547 1471 582 1536 et
604 1462 642 1534 in
666 1461 858 1558 privilegiis
883 1462 1125 1559 imperatorum
1150 1463 1225 1536 sive
1254 1485 1375 1558 rogum
1401 1462 1617 1556 confirmata,
1646 1484 1708 1560 per

301 1595 495 1686 presentem
518 1586 682 1683 paginam
707 1585 774 1683 ipsi
795 1585 939 1661 ecclesie
965 1595 1080 1660 nostra
1106 1587 1275 1684 imperiali
1301 1588 1502 1662 aucuritato
1524 1588 1561 1660 in
1580 1609 1707 1684 perpe-

302 1725 401 1786 tuum
418 1711 682 1803 confirmamus,
707 1719 896 1786 statuentes
913 1719 948 1786 et
964 1711 1107 1786 tirmiter
1123 1711 1351 1808 precipientes
1366 1734 1412 1786 ne
1426 1712 1543 1807 aliqua
1564 1711 1702 1802 civitas,

302 1847 470 1926 castrum,
485 1834 579 1927 dux,
594 1835 761 1928 marchio,
780 1855 908 1928 eomes,
927 1835 1132 1927 advocatus,
1149 1836 1326 1928 scultetus,
1346 1836 1441 1910 nulla
1458 1858 1611 1931 unquam
1626 1857 1708 1931 per·

302 1983 386 2036 sona
407 1983 533 2056 magna
556 1961 613 2034 vel
632 1982 753 2056 parua,
775 1961 1004 2034 ecclesiastica
1023 1963 1079 2034 vel
1094 1962 1276 2052 secularis,
1297 1963 1364 2036 ulta
1378 1961 1434 2034 vel
1453 1960 1609 2052 humilis,
1627 1983 1707 2057 pre·

302 2085 430 2158 dictam
455 2086 636 2159 ecclesiam
659 2093 777 2158 oontm
801 2085 906 2178 hujus
926 2095 1042 2160 nostre
1064 2087 1283 2182 protectionis
1303 2095 1338 2160 et
1358 2084 1626 2160 confirmationis
1645 2107 1707 2182 pa-

302 2211 418 2304 ginam
439 2210 557 2306 aliquo
579 2209 684 2284 modo
709 2209 844 2300 ledere,
862 2212 1044 2286 molestare
1067 2213 1123 2286 vel
1148 2211 1348 2308 perturbare
1371 2219 1558 2306 presumat.
1574 2210 1610 2282 Si
1627 2210 1707 2306 quis

302 2345 417 2438 autam
440 2335 506 2408 hoc
527 2344 730 2430 attemptare
750 2337 1012 2433 presumpserit,
1038 2359 1060 2410 a
1081 2337 1192 2431 gratia
1217 2335 1387 2432 imperiali
1408 2336 1571 2410 exclusus
1588 2335 1625 2406 in
1645 2356 1708 2408 sno

303 2459 500 2534 temeritatis
524 2459 714 2533 vindictam
737 2469 874 2534 centum
900 2483 1033 2534 marcas
1054 2461 1130 2535 anri
1153 2483 1215 2556 pro
1236 2483 1328 2556 pena
1351 2467 1550 2556 componat,
1577 2458 1708 2532 medie·

304 2593 406 2657 tatem
427 2604 563 2656 camere
581 2585 894 2680 nostre‚1eliquam
914 2605 998 2658 vero
1018 2583 1178 2679 injuriam
1201 2585 1354 2680 patienti.
1375 2583 1433 2658 Ad
1453 2586 1553 2678 cujus
1570 2583 1620 2657 rei
1634 2605 1708 2656 me·

303 2709 445 2782 moriam
459 2718 494 2780 et
510 2710 616 2780 robur
629 2719 797 2804 perpetuo
811 2710 1013 2798 valiturum,
1034 2731 1175 2806 presens
1191 2709 1412 2805 privilegium
1425 2709 1528 2780 scribi
1545 2717 1579 2782 et
1595 2716 1710 2781 nostre

304 2832 489 2925 majestatis
503 2833 617 2926 sigillo
633 2833 801 2925 jussimus
820 2834 962 2908 interius
977 2834 1195 2907 communiri.

349 2957 461 3049 Hujus
481 2957 531 3029 rei
559 2965 662 3030 testes
685 2967 766 3030 sunt
790 2958 959 3033 Geroldus
983 2957 1175 3054 patriarcha
1202 2957 1521 3054 ierosolymitanus,
1547 2956 1710 3032 Albertus

304 3080 610 3176 Magdeburgensis
633 3081 930 3178 archiepiscopus,
962 3085 1143 3157 Heinrious
1166 3083 1450 3175 Mediolanensis,
1476 3082 1616 3156 landus
1637 3085 1708 3156 lle-

304 3205 404 3300 ginns
427 3205 697 3302 archiepiscopi,
723 3207 903 3280 Heinrious
924 3207 1201 3297 wormatiensis,
1224 3206 1466 3302 Engelhardus
1484 3207 1710 3281 Nuwenbur·

305 3329 433 3422 gensis,
445 3329 627 3408 Cnnrodus
637 3330 954 3425 Hildesheimensis,
968 3332 1189 3406 Eckehardns
1204 3332 1510 3427 Merseburgensis,
1527 3332 1708 3406 Heinricns

303 3455 512 3548 Basilionsis,
531 3457 679 3530 lacobus
700 3457 935 3549 Taurinensis,
952 3455 1115 3530 Albertns
1132 3457 1341 3549 Brixiensis,
1368 3456 1489 3530 Gracia
1516 3458 1709 3532 Parmensis

303 3579 474 3674 episcopi,
503 3581 578 3674 ogo
602 3581 648 3654 de
670 3581 838 3656 llorbach
855 3591 918 3656 et.
941 3635 952 3653 .
974 3635 983 3652 .
1008 3581 1054 3655 de
1079 3583 1201 3654 Prome
1225 3582 1416 3674 [abbatas]‚
1441 3581 1604 3655 Albertus
1630 3581 1707 3656 dux

303 3703 465 3794 Saxonis,
484 3702 682 3778 Ludovious
698 3706 912 3800 lantgravius
928 3705 1127 3801 Thuringie,
1146 3704 1332 3778 Rainaldus
1350 3706 1426 3778 dux
1441 3707 1581 3801 Spoleti.

350 3827 495 3918 Signum
518 3827 652 3902 domini
673 3827 836 3902 Friderici
857 3831 920 3904 Dei
940 3831 1050 3925 gratia
1071 3829 1288 3904 invictissimi
1306 3831 1536 3902 Romanorum
1556 3831 1708 3925 impera·

302 3951 396 4042 toris,
414 3972 551 4048 semper
568 3953 719 4048 angusti,
738 3955 926 4028 Jerusalem
941 3965 976 4029 et
990 3955 1104 4028 Sicilie
1121 3951 1213 4049 regis
1228 3954 1380 4050 gloriosi.

348 4073 436 4149 Acta
449 4085 532 4148 sunt
542 4077 609 4150 heo
620 4098 712 4151 anno
725 4078 899 4152 dominice
913 4081 1156 4154 incarnationis
1167 4081 1348 4152 millesimo
1364 4077 1600 4152 ducentesimo
1612 4077 1708 4152 vice-

301 4197 388 4271 simo
403 4208 520 4294 sexto,
540 4223 658 4275 mense
671 4202 763 4296 julii,
779 4204 1037 4299 quartadecima
1052 4205 1257 4299 indictione,
1278 4205 1467 4302 imperante
1483 4203 1623 4278 domino
1634 4202 1708 4275 Fri·

298 4503 379 4564 leant.
385 4506 522 4577 eraedam
531 4515 620 4567 minen
630 4511 785 4585 corrigenda
794 4519 858 4572 sunt
869 4531 876 4571 :
887 4530 937 4589 pro
946 4513 1076 4588 Gemmis,
1083 4516 1221 4586 emente
1233 4532 1281 4590 pro
1292 4515 1425 4586 Mersana,
1437 4515 1552 4574 liorem
1559 4509 1705 4586 (Heracon

299 4617 351 4676 pro
372 4603 514 4679 Glamaco,
538 4607 662 4665 Blamaoo
684 4615 713 4666 et
735 4607 844 4684 Corira,
864 4611 1009 4684 Glootoco,
1028 4613 1160 4671 Bloot'cco
1179 4619 1208 4672 et
1229 4605 1707 4687 cuesa;proc10dma‚ctodmo

301 4701 442 4778 telettum
457 4721 562 4764 necnon
575 4723 625 4780 pro
638 4708 749 4768 litortao
761 4708 905 4784 legendnm
918 4717 943 4769 et
955 4711 1049 4770 Ortco.
