4466 5914
256 585 354 646 lanrcr.
374 585 437 662 lt]
706 577 904 640 HISTORIA
928 575 1221 640 olsnouarlca
1606 575 1664 638 631

256 731 371 815 preter
392 715 461 792 alin
482 720 562 812 jura
586 715 753 812 jamdicta
779 714 1015 788 Cameracensi
1035 713 1180 788 ecclesie
1204 711 1448 809 competentia,
1475 721 1665 810 memorato

257 845 418 940 episcopo
444 842 587 936 suisque
614 838 871 913 successoribus
898 839 935 910 in
957 838 1112 936 predicta
1137 837 1275 912 civitate
1300 837 1543 912 Cameracensi.
1559 837 1667 913 libere

256 989 319 1063 pro
335 989 398 1039 sua
412 967 589 1039 voluntate
605 964 796 1061 prepositos
809 985 891 1036 suos
907 963 1086 1036 instituere
1101 963 1203 1036 liceat
1218 973 1253 1036 et
1269 963 1443 1054 scabinos;
1464 971 1499 1037 ct
1516 984 1596 1036 cnm
1614 963 1666 1036 eis

257 1091 440 1188 placuerit,
457 1091 616 1186 querelas
628 1089 778 1162 civitatis
795 1088 940 1162 audient
950 1097 987 1160 et
996 1087 1228 1162 terminabunt
1240 1089 1297 1160 vel
1311 1087 1490 1184 prepositis
1505 1089 1579 1161 suis
1594 1111 1667 1162 an-

258 1215 403 1290 diendas
427 1225 462 1288 et
490 1213 703 1288 decidendas
730 1213 937 1308 relinquent,
966 1215 1061 1286 nulla
1081 1211 1322 1306 jurisdictione
1345 1212 1509 1308 predictis
1529 1212 1667 1286 civibus

258 1341 397 1413 nomine
424 1341 585 1414 comunis
608 1339 666 1412 vel
693 1338 982 1413 consuetudinum
1005 1359 1094 1432 quas
1119 1359 1240 1433 paoem
1267 1337 1444 1410 nominant
1469 1347 1664 1432 reservata,

257 1467 345 1538 sicut
368 1465 404 1536 in
431 1465 623 1560 privilegiis
649 1463 932 1560 predecessorum
952 1473 1147 1538 nostrorum
1173 1485 1244 1558 qna
1268 1461 1390 1536 eadem
1414 1462 1668 1538 Cameracensis

257 1591 400 1664 ecciesia
431 1590 559 1662 habers
586 1589 801 1684 dignoscitur
823 1590 975 1686 apertius
999 1589 1205 1662 continetur.
1226 1591 1420 1662 Statuentes
1438 1597 1474 1661 et
1498 1587 1668 1684 presentis

258 1715 430 1810 privilegii
443 1713 644 1788 auctoritate
662 1713 805 1787 firmiter
822 1715 1041 1809 injungentes
1059 1724 1098 1786 nt
1114 1715 1209 1787 nulla
1225 1715 1366 1786 omnino
1380 1735 1527 1810 persona
1541 1735 1668 1808 magna

257 1842 313 1914 vel
331 1862 453 1934 parva,
465 1839 629 1914 secularis
642 1841 700 1914 vel
713 1839 956 1929 ecclesiastica,
969 1850 1085 1912 contra
1100 1839 1288 1936 prescripta
1304 1839 1419 1912 omnia
1435 1848 1589 1936 tempore
1600 1841 1669 1913 ali-

258 1985 328 2060 quo
342 1967 522 2038 temerario
534 1987 622 2039 auen
638 1965 758 2038 venire
774 1975 950 2061 presumat
965 1965 1022 2038 vel
1039 1963 1168 2038 dictum
1186 1965 1386 2061 episcopum
1402 1973 1436 2036 et
1454 1986 1668 2038 successores

258 2111 341 2162 snos
359 2111 400 2162 ac
416 2091 596 2164 ecclesiam
614 2089 847 2186 supradictam
865 2089 995 2163 exinde
1013 2089 1205 2163 molestare.
1223 2087 1325 2175 Quod
1342 2089 1404 2184 qni
1423 2089 1670 2186 presumpserit

258 2213 294 2285 in
316 2235 379 2286 sne
402 2215 600 2288 temeritatis
621 2213 813 2288 vindictam
835 2215 1110 2310 indignationem
1128 2225 1279 2289 nostram
1299 2223 1333 2288 et
1350 2237 1474 2311 penam
1492 2215 1669 2310 quingen-

258 2349 369 2412 tarum
393 2339 558 2413 librarum
577 2339 652 2414 anri
670 2339 749 2437 puri
774 2363 813 2415 se
830 2341 965 2415 noverit
986 2341 1221 2433 incursurum,
1240 2363 1390 2436 quarum
1414 2339 1582 2414 medietas
1606 2363 1670 2414 cn-

261 2483 353 2537 mere
371 2474 498 2550 nostre,
516 2468 623 2540 altera
637 2486 723 2539 vero
737 2467 848 2562 passis
862 2466 1023 2559 injuriam
1038 2467 1263 2562 persolvatur.
1282 2467 1327 2540 Ut
1340 2475 1455 2539 antam
1474 2465 1539 2539 hec
1552 2465 1669 2540 omnia

259 2596 332 2660 ratu
348 2607 483 2684 semper
498 2598 532 2662 et
550 2590 755 2664 inconvulsa
777 2599 1017 2686 permaneant,
1038 2611 1181 2686 presens
1195 2591 1417 2686 privilegium
1433 2589 1506 2664 fieri
1521 2599 1556 2664 et
1572 2591 1668 2665 bulla

207 2754 218 2772 ·
259 2733 363 2786 aurea
382 2713 515 2808 typario
534 2724 650 2788 nostre
665 2715 852 2808 majestatis
872 2715 1039 2810 impressa
1055 2715 1225 2808 jussimus
1241 2715 1459 2788 communiri.

307 2837 418 2930 Hujus
431 2859 514 2911 vcro
532 2839 582 2912 rei
599 2848 702 2912 testas
718 2848 800 2912 sunt
817 2839 977 2912 Albertns
991 2839 1316 2934 magdaburgensis,
1336 2841 1380 2912 H.
1402 2841 1668 2915 Mediolanensis

260 2970 295 3037 ot
315 2962 434 3036 Laudo
454 2963 607 3055 Reginus
623 2964 894 3060 archicpiscopi,
925 3019 934 3037 .
965 3019 975 3038 .
1005 3017 1015 3036 .
1036 2963 1196 3038 Curensis
1222 2973 1258 3036 et
1280 2963 1389 3038 abbas
1415 2967 1531 3040 Sancti
1556 2965 1664 3062 Galli,

261 3142 271 3161 .
302 3142 312 3160 .
343 3089 543 3179 .Cioensis,
574 3143 582 3161 .
613 3143 623 3164 .
654 3089 903 3183 .Basiiieusie,
930 3144 940 3163 .
971 3143 981 3164 .
1013 3143 1022 3162 .
1047 3089 1326 3178 inconsonis„
1357 3141 1367 3160 .
1398 3091 1668 3166 ,Warmaoien-

259 3214 323 3304 sis,
355 3215 393 3287 C.
430 3214 708 3308 Ytdesamensis,
745 3217 894 3288 Iacobus
929 3215 1172 3308 Taurinensis,
1213 3213 1463 3310 Magnardinns
1502 3216 1668 3290 Ymoien·

259 3341 306 3414 sis
333 3348 367 3414 et
393 3339 437 3414 Α.
469 3341 665 3416 Cenetensis
697 3342 870 3438 episcopi,
899 3343 938 3414 L.
971 3339 1196 3436 landgravius
1229 3340 1440 3434 Thuringie,
1469 3396 1478 3414 .
1511 3395 1520 3414 .
1550 3395 1560 3414 .
1593 3342 1670 3416 dux

260 3468 486 3560 Sunonensis,
506 3467 706 3566 Raynaldus
730 3466 807 3542 dux
827 3469 974 3564 Spoleti,
1002 3489 1118 3541 comcs
1133 3467 1170 3540 S.
1190 3466 1236 3541 de
1256 3465 1389 3538 Vienna
1410 3475 1446 3540 ct
1465 3466 1524 3539 alii
1542 3489 1671 3562 quam-

260 3593 389 3688 plures.

307 3719 453 3814 Signum
472 3719 604 3792 domini
622 3718 786 3793 Friderici
811 3717 956 3792 secundi
978 3717 1042 3792 Dei
1065 3717 1175 3813 gratia
1199 3715 1416 3790 invictissimi
1440 3716 1672 3792 Romanorum

260 3843 488 3940 imperatoris,
508 3865 643 3940 semper
660 3845 817 3938 augusti,
835 3844 1025 3917 Jerusalem
1041 3852 1076 3916 at
1090 3842 1205 3916 Sicilie
1222 3841 1326 3936 regis.

308 3970 393 4044 Acta
408 3979 490 4044 sunt
506 3969 572 4044 hec
587 3991 678 4044 anno
698 3969 870 4044 dominice
887 3968 1132 4042 incarnationis
1149 3967 1332 4040 millesimo
1356 3965 1591 4040 ducentesimo
1611 3967 1671 4041 vi-

261 4096 389 4170 cesimo
402 4105 515 4190 sento,
541 4118 660 4170 mense
678 4097 769 4190 Junii
785 4094 852 4191 (t),
873 4093 1131 4188 quartadecima
1154 4091 1368 4181 indictionis,
1393 4090 1583 4187 imperante
1599 4091 1671 4166 do-

261 4219 354 4296 minc
371 4231 488 4294 nostro
507 4219 680 4295 Fridcrico
703 4217 859 4294 secundo
882 4217 945 4290 Dei
969 4217 1079 4312 gratia
1103 4215 1328 4290 invictissimo
1351 4215 1582 4289 Romanorum
1599 4213 1673 4289 im-

300 4526 337 4602 (t)
355 4527 463 4587 Sciiicet
478 4533 592 4585 exeunte
607 4525 697 4599 jnnio,
711 4539 774 4581 cum
791 4521 933 4582 undecimo
953 4523 997 4580 die
1013 4523 1093 4596 hujus
1113 4522 1214 4580 mensis
1231 4521 1432 4606 Cameracensis
1444 4521 1587 4614 episcopus
1599 4523 1672 4598 apud

262 4643 353 4700 regem
366 4628 512 4686 Benacum
525 4625 645 4684 Tridenti
657 4624 745 4684 adhuc
757 4629 917 4682 moraretur.
930 4621 991 4682 vin.
1005 4620 1072 4679 inira
1086 4621 1239 4678 Historiam
1257 4620 1465 4696 diplomaticam
1475 4623 1592 4680 dimisi
1606 4623 1670 4695 VH,

262 4725 297 4782 ad
309 4743 371 4784 ann.
