4324 5912
565 513 627 579 954
815 567 817 572 .
1116 509 1430 578 austrannum.

567 649 718 746 piscine,¹
732 667 858 745 aggae
875 657 911 724 et
926 646 1082 745 tepidum
1102 649 1262 746 oongerie
1281 649 1319 724 in
1332 647 1454 724 'tundo
1465 657 1502 722 et
1516 649 1726 746 propietate
1737 651 1785 724 sit
1801 661 1971 748 eouoepta.

568 775 749 870 Propterea
761 773 835 866 jam
853 771 968 848 dietus
988 796 1077 853 avus
1101 783 1216 852 noser
1238 775 1406 870 prauum
1428 773 1610 850 sufflant
1634 775 1672 848 in
1695 777 1859 851 omnibus
1882 777 1975 850 honis

567 899 642 972 suis
667 898 853 972 mobilibus
878 907 913 974 et
938 899 1175 976 immobilibus
1200 907 1236 974 et
1260 899 1418 996 personis
1440 909 1511 974 um
1534 899 1661 976 innotis
1680 923 1786 996 mam
1808 900 1976 975 amaneu

568 1022 768 1097 manumisit
783 1031 817 1097 et
835 1023 1010 1113 liberavit,
1026 1022 1196 1116 judicium
1219 1023 1290 1098 vite
1311 1033 1346 1098 et
1368 1025 1489 1098 mortis
1505 1045 1567 1120 per
1582 1045 1724 1100 omnm
1741 1026 1975 1123 proprietates

569 1169 668 1222 suam
685 1148 891 1242 indulgens3
910 1148 1128 1224 advocatiam
1149 1169 1290 1246 quoque
1304 1147 1371 1222 looi
1388 1158 1424 1222 et
1442 1149 1587 1222 irauum
1603 1151 1680 1224 sive
1694 1149 1867 1224 bonorum
1884 1150 1976 1246 ipso-

569 1296 647 1346 rum
674 1273 912 1348 defensionem
935 1275 1022 1348 nulli
1046 1295 1202 1369 unquam
1226 1272 1264 1346 in
1284 1269 1494 1346 heneficium
1511 1273 1659 1347 uenturi
1680 1274 1817 1364 statuit,
1839 1271 1903 1347 sed
1918 1271 1976 1346 soii

569 1400 723 1474 Romano
738 1399 885 1496 imperio
897 1399 1105 1489 reservavit,
1125 1398 1213 1474 daus
1229 1397 1392 1472 tratribus
1405 1395 1563 1490 ejusdem
1577 1398 1722 1472 eoeleste
1734 1397 1879 1472 liberem
1895 1397 1976 1472 eleo

569 1523 697 1596 tionem
716 1524 925 1620 prelatorum
948 1545 1092 1599 suorum
1117 1521 1310 1598 seeundum
1327 1531 1522 1596 sanatorum
1538 1543 1712 1598 mnouum
1726 1523 1893 1628 instituta.
1912 1522 1977 1596 Heu

569 1649 687 1744 itaque
704 1671 767 1744 pro
784 1629 924 1745 sequela
940 1650 1048 1726 nostri
1064 1669 1253 1724 consensus
1268 1645 1354 1744 (sio),
1370 1657 1528 1744 presente
1544 1646 1686 1722 domino
1703 1645 1877 1720 Friderioo
1891 1645 1976 1720 dioto

570 1773 616 1848 de
632 1773 757 1848 Poleke
780 1775 911 1872 pretate
934 1774 1078 1850 eoolaeie
1100 1773 1272 1870 preposito
1286 1771 1428 1868 quinto,
1446 1770 1617 1844 oousorihi
1644 1769 1713 1844 sub
1728 1769 1844 1865 sigillo
1871 1777 1977 1842 nostre

571 1897 758 1990 majestatis
774 1897 933 1994 fecimus,
952 1899 1076 1976 dantes
1090 1899 1205 1976 aidan
1216 1908 1252 1974 et
1268 1919 1332 1995 par
1347 1917 1429 1972 eum
1444 1897 1519 1970 suis
1535 1893 1794 1972 mooessoriuus
1803 1893 1855 1970 du
1869 1893 1977 1991 impe·

571 2023 696 2098 ratoria
712 2023 948 2103 munifloentia
960 2036 1001 2100 ut
1013 2025 1187 2123 quioquid
1204 2024 1376 2100 honorum
1390 2020 1558 2100 meeum
1570 2021 1768 2098 nuhwmt
1782 2020 1891 2094 tibae
1904 2037 1977 2114 pos·

572 2147 709 2224 uideant
736 2151 792 2224 vel
822 2147 860 2226 in
887 2153 1041 2228 futurum
1066 2151 1251 2228 ooltaoione
1276 2147 1491 2247 principum,
1519 2147 1740 2224 muneseione
1764 2142 1974 2243 pontitioum,

573 2273 746 2349 oblatione
761 2273 917 2351 fidetium
934 2278 990 2352 vel
1003 2277 1187 2374 emptionis
1204 2275 1303 2350 titulo
1320 2281 1480 2371 poterunt
1495 2271 1656 2370 adipisci.

621 2399 748 2472 Datum
763 2408 799 2474 et
814 2411 929 2477 uotum
944 2403 1181 2498 Frankwurti‚
1198 2423 1291 2478 auno
1310 2397 1553 2474 iuoornationis
1573 2397 1753 2474 Dominioe
1771 2390 1975 2483 noenu,

572 2543 691 2599 mense
708 2525 810 2618 iulio.
888 2556 892 2566 ·
