4466 5914
343 634 441 693 lsorcn.
459 621 518 708 ld]
794 619 994 681 ltts'rotttn
1017 619 1313 682 aresceremus.
1700 625 1760 688 603

339 765 481 853 tatibus,
501 755 816 855 opportunitatibus
831 777 873 829 ac
890 756 1023 829 cunctis
1033 756 1171 849 juribus
1186 777 1323 846 mum,
1340 755 1433 830 sicut
1446 755 1491 830 ad
1511 779 1575 832 nos
1592 705 1804 855 affl).

340 891 430 962 mum
449 894 604 981 spectare
626 889 833 974 noscuntur,
853 903 918 955 nec
934 903 1004 954 non
1020 903 1100 954 cnm
1117 880 1240 952 ceteris
1258 880 1471 975 pertinentiis
1490 881 1565 955 suis
1578 886 1756 979 occupatis

339 1033 402 1108 pro
419 1019 573 1106 tempore
593 1029 635 1081 ac
656 1005 805 1080 detentis
827 1029 914 1101 quas
932 1007 977 1079 ab
998 1015 1245 1101 occupatorum
1267 1006 1429 1078 manibus
1450 1027 1569 1080 eruere
1587 1009 1753 1102 potuerit,

339 1135 399 1230 qui
416 1155 475 1207 eas
493 1153 563 1206 non
586 1131 720 1226 absque
742 1129 877 1226 imperii
900 1130 1092 1227 prejudicio
1113 1139 1149 1202 et
1169 1130 1295 1222 injuria
1318 1129 1520 1204 invaserunt
1542 1141 1576 1204 et
1598 1151 1660 1228 pcr
1680 1133 1757 1207 vio·

338 1259 480 1332 lentiam
508 1255 662 1331 detinere
693 1255 1162 1342 mnenount.1oucomnia
1188 1253 1270 1328 olim
1299 1255 1447 1328 dilectus
1473 1265 1618 1352 patruus
1644 1267 1759 1332 noster

338 1385 519 1481 Philippus
535 1385 766 1456 Romanorum
782 1402 845 1455 rex
864 1381 978 1455 eidem
992 1381 1250 1476 archiepiscopo
1267 1390 1302 1452 et
1316 1379 1464 1452 ecclesie
1477 1402 1540 1454 sue
1557 1382 1758 1478 supradicte

340 1507 501 1596 donavit,
524 1507 615 1579 sicut
634 1505 814 1579 evidenter
834 1505 986 1579 innotuit
1010 1513 1126 1577 nostre
1151 1505 1332 1596 majestati.
1349 1505 1544 1578 statuentes
1566 1505 1708 1602 insuper
1723 1515 1758 1582 et

339 1633 508 1728 presentis
524 1633 725 1704 auctoritate
743 1631 916 1727 privilegii
939 1630 1132 1704 sancientes
1159 1640 1198 1702 ut
1218 1631 1334 1702 nullus
1356 1630 1532 1726 princeps,
1552 1629 1646 1720 dux,
1665 1655 1757 1706 mar-

340 1757 438 1850 chio,
458 1779 594 1848 comes,
614 1756 826 1848 advocatus,
850 1757 1034 1848 scultetus,
1057 1755 1310 1848 ministerialis,
1336 1756 1500 1850 nullaque
1524 1779 1670 1854 persona
1692 1780 1757 1832 su-

339 1883 456 1958 blimis
470 1883 526 1956 vel
540 1881 697 1970 humilis,
716 1882 856 1978 publica
874 1883 931 1955 vel
949 1883 1100 1977 privata,
1116 1879 1346 1954 ecclesiastica
1361 1881 1418 1954 vel
1432 1881 1622 1972 mundana,
1638 1893 1756 1957 contra

338 2009 507 2105 presentis
523 2005 805 2098 confirmationis,
820 2007 1016 2080 donationis
1034 2015 1068 2078 et
1085 2003 1316 2078 concessionis
1332 2015 1446 2078 nostre
1462 2007 1623 2102 paginam
1637 2007 1758 2082 venire

339 2141 525 2228 presumat.
544 2131 645 2218 Quod
663 2133 723 2227 qui
744 2131 981 2228 presumserit,
998 2131 1033 2202 in
1049 2153 1114 2202 sue
1128 2129 1327 2202 temeritatis
1342 2129 1531 2203 vindictam
1551 2131 1758 2224 quingentas

339 2257 444 2330 libras
462 2257 538 2330 auri
557 2257 676 2352 optimi
700 2279 737 2330 sc
756 2257 1026 2353 compositurnm
1049 2255 1151 2345 sciat,
1174 2277 1321 2350 quarum
1348 2255 1515 2329 medietas
1534 2253 1617 2328 lisco
1642 2237 1758 2332 nostro

340 2381 526 2476 etreliqua
546 2383 687 2478 patienti
709 2381 869 2474 injuriam
888 2381 1117 2478 persolvatur.
1135 2379 1191 2452 Ad
1210 2379 1316 2474 hujus
1335 2380 1454 2476 itaque
1473 2379 1756 2474 confirmationis,

339 2507 573 2580 concessionis
589 2515 624 2580 et
642 2507 837 2580 donationis
852 2515 967 2578 nostre
980 2505 1180 2578 memoriam
1197 2513 1232 2576 et
1248 2503 1353 2576 mbnr
1369 2514 1535 2601 perpetuo
1552 2505 1756 2596 valiturum,

340 2651 480 2725 presens
494 2631 715 2727 privilegium
735 2629 807 2704 lieri
826 2631 984 2721 fecimus,
999 2629 1096 2726 qnod
1111 2628 1215 2725 sigilli
1230 2629 1336 2702 nostri
1353 2629 1578 2727 impressione
1590 2631 1758 2724 jussimus

341 2755 513 2849 insigniri.

388 2880 499 2971 Hujus
520 2889 636 2954 autem
658 2881 706 2952 rei
733 2887 836 2952 testes
858 2887 940 2952 sunt
961 2875 1130 2950 Geroldus
1152 2877 1345 2972 patriarcha
1373 2877 1704 2976 ierosolymitanus(
1727 2879 1754 2978 ),

340 3003 507 3074 Henricus
528 3002 813 3095 Mediolanensis,
837 3002 978 3075 landus
998 3001 1151 3096 Reginus
1174 3001 1443 3098 archiepiscopi3
1465 3003 1634 3076 Henricus
1655 3007 1756 3077 Wor-

339 3127 541 3218 matiensis,
579 3129 820 3222 Engelhardus
860 3129 1172 3223 Noemburgensis,
1216 3127 1394 3200 Conradus
1436 3127 1750 3218 Hildensemensis,

340 3251 519 3324 liclrardns
547 3253 858 3348 Merseburgcnsis,
885 3255 1053 3326 Henricus
1082 3253 1299 3340 Basilicnsis,
1325 3252 1493 3326 Henricus
1519 3253 1750 3348 Brixinensis,

339 3377 487 3450 lacobus
502 3379 735 3471 Taurincusis,
755 3377 917 3450 Albertos
931 3378 1135 3470 Brixiensis,
1153 3377 1274 3449 Gracia
1290 3377 1495 3470 Parmensis,
1515 3379 1752 3452 lllainardinus

341 3503 518 3576 imolensis
534 3503 706 3600 episcopi;
727 3505 828 3596 llugo
855 3503 900 3576 de
918 3503 1093 3590 limbach,
1111 3501 1305 3574 Fridcricus
1322 3501 1366 3576 de
1386 3503 1509 3576 Prome
1524 3502 1574 3599 (a)
1590 3503 1751 3588 abbates;

341 3627 418 3700 Otto
433 3627 622 3723 Aquensis,
639 3629 820 3702 Heinricus
838 3631 1038 3702 Sanctorum
1058 3627 1299 3722 Apostolorum
1325 3627 1360 3700 in
1382 3627 1637 3726 Magdeburgo,
1658 3629 1753 3702 Tbe-

383 3827 421 3908 (a)
442 3829 532 3908 Apud
543 3832 735 3911 Sagittarium
748 3830 879 3913 Sp'fridue
895 3830 930 3892 de
942 3831 1061 3906 Promo,
1077 3833 1163 3894 mele.

376 4162 412 4237 (t)
431 4163 571 4234 Quomodo
584 4163 715 4224 Gemldns
728 4166 778 4223 iste
795 4167 822 4222 in
837 4166 901 4224 sede
913 4165 1153 4242 Hierosolymitana
1164 4167 1304 4243 lindolpho
1318 4167 1491 4239 successerit,
1506 4165 1636 4224 discimus
1649 4184 1682 4224 ex
1699 4168 1758 4242 epi-

338 4262 406 4320 stola
419 4263 561 4336 posteriori
574 4261 696 4338 Gregorii
707 4263 755 4334 lli,
769 4264 823 4321 dat.
835 4265 972 4337 Laterani,
986 4269 1020 4324 28
1038 4265 1114 4340 april.
1133 4269 1210 4322 tart.
1227 4267 1372 4339 Postquam
1384 4266 1502 4323 Thomas
1513 4265 1629 4323 Sanctae
1641 4265 1757 4324 Sabinae

338 4358 480 4418 cardinalis
493 4359 527 4418 ad
540 4361 631 4420 sedern
645 4367 786 4420 vacantem
800 4362 951 4436 postulatus
967 4363 1077 4434 luisset,
1090 4363 1208 4420 Romana
1225 4367 1315 4420 tamen
1335 4363 1410 4420 curia
1425 4378 1478 4420 non
1497 4363 1697 4434 consensisset,
1710 4380 1755 4421 ca·

337 4457 424 4513 nonicl
438 4459 530 4516 Sancti
547 4459 669 4534 Sepulcri
685 4461 797 4519 llomam
813 4469 945 4520 venemnt
957 4479 1020 4520 cum
1038 4463 1117 4536 plena
1136 4461 1253 4537 pastoris
1271 4463 1383 4535 eligendi
1399 4467 1546 4536 potestate,
1564 4467 1592 4518 et
1608 4461 1754 4520 Geroldum

338 4553 511 4612 Valentinum
529 4557 685 4632 episcopum
705 4561 793 4618 virum
811 4561 905 4635 ntique
924 4561 1166 4618 commendandum
1179 4561 1391 4634 postulavemnt.
1409 4561 1496 4631 Quem
1506 4559 1591 4618 Sedes
1602 4559 1755 4633 Apostolica

337 4649 452 4724 benigrre
473 4663 613 4730 acceptum
633 4656 670 4714 ab
690 4657 822 4716 ecclesiae
837 4659 993 4718 Valentime
1012 4659 1142 4733 regimine
1162 4658 1278 4715 absolvit
1297 4665 1326 4714 et
1345 4659 1425 4732 pallio
1445 4659 1592 4718 decoramt.
1612 4659 1709 4717 luedit.
1727 4661 1753 4716 in

336 4747 440 4808 collect.
455 4751 492 4809 la
505 4753 584 4811 Porta
597 4755 634 4812 du
648 4755 735 4829 Tbeil,
751 4773 795 4832 sp.
811 4757 938 4818 Biblioth.
952 4759 1050 4831 Paris,
1066 4775 1137 4816 anno
1151 4755 1273 4831 Gregorii
1286 4756 1385 4830 primu,
1400 4767 1432 4814 n⁰
1443 4760 1488 4816 so.
