4330 5914
195 609 296 674 lanc.
313 611 378 691 lu]
651 606 849 670 HISTORIA
874 602 1169 668 DleOMATlGA.
1557 595 1616 656 75¹1

197 745 439 820 remanebunt.
456 745 496 818 ln
511 741 635 818 eadem
655 731 740 816 vero
756 742 840 816 villa
858 751 894 816 et
908 743 943 814 iu
960 741 1123 816 Mucecbe
1138 747 1173 816 et
1188 737 1224 810 in
1237 733 1509 811 Rusbovesbeim
1527 741 1562 806 et
1577 731 1615 804 in

196 871 276 946 aliis
291 872 387 946 villis
400 879 437 944 et
451 869 608 943 curtibus
621 868 668 944 ad
683 867 901 964 supradictus
912 867 1015 942 villae
1027 863 1264 964 spectantibus
1278 858 1459 936 advocatie
1474 857 1616 933 domino

197 997 272 1090 regi
287 995 425 1070 cedent.
448 995 639 1068 vaentus
655 1001 771 1066 autem
789 991 1049 1066 advocatiarum
1067 999 1102 1064 at
1125 986 1277 1085 precaria
1293 986 1328 1056 in
1344 982 1508 1080 predictis
1523 981 1615 1054 villis

198 1129 234 1194 et
247 1141 367 1194 earum
383 1119 599 1217 pertiuentiis
614 1139 824 1213 quocunque
839 1127 992 1213 tempore
1017 1117 1106 1189 lacte
1131 1122 1220 1186 mter
1243 1110 1423 1184 dominum
1446 1129 1563 1202 regem
1581 1117 1616 1181 et

198 1245 381 1319 dominum
395 1245 597 1340 episcopum
608 1243 777 1338 equaliter
789 1241 1096 1316 dividentur.ltem
1108 1237 1261 1312 universi
1274 1233 1431 1308 homiues
1444 1231 1491 1308 ad
1503 1231 1616 1306 domi·

199 1392 285 1442 num
299 1391 415 1466 regem
429 1368 725 1466 quocunquejme
734 1367 943 1464 pertinentes
952 1365 1048 1463 apud
1061 1361 1263 1440 Zabemium
1276 1358 1465 1435 residentes
1476 1358 1618 1434 domino

200 1494 364 1592 episeopo
387 1503 422 1568 et
450 1492 594 1568 ecclesio
615 1491 857 1586 Argentinensi
882 1490 1026 1584 cedent,
1053 1499 1088 1564 et
1108 1490 1147 1562 in
1169 1485 1452 1562 restaurationem
1478 1484 1616 1558 illorum

201 1639 321 1692 omnes
338 1619 495 1693 homiues
511 1619 548 1692 in
567 1616 775 1692 Rodosbeim
791 1615 955 1712 episcopo
969 1615 1153 1690 attinentes
1170 1612 1313 1686 domiuo
1329 1611 1402 1706 regi
1418 1608 1555 1684 cedent.
1577 1611 1617 1684 lu

202 1744 390 1818 Odenburc
406 1751 523 1817 autem
547 1741 717 1839 quicquid
738 1740 828 1835 juris
844 1740 968 1814 babuit
990 1738 1250 1835 Argentinemis
1270 1737 1455 1835 episcopus
1477 1735 1618 1812 domino

201 1870 275 1966 regi
295 1868 412 1962 cedet,
433 1877 571 1942 servato
596 1865 771 1940 canonicis
786 1865 1099 1962 Argentiuensibus
1115 1865 1195 1958 jure
1211 1872 1409 1959 patronatus
1424 1862 1569 1936 ecclesie
1584 1869 1620 1936 et

201 1995 365 2070 censibus
382 1993 444 2090 qui
461 1993 508 2067 ad
528 1991 742 2090 prebendam
762 2013 882 2066 eorum
900 1991 1074 2088 pertinent
1088 1989 1134 2064 ab
1151 1989 1307 2084 antiquo.
1325 1986 1489 2063 Homines
1501 1996 1618 2061 autem

201 2122 278 2196 sive
306 2118 548 2194 ministeriales
573 2117 650 2193 sive
680 2117 811 2214 pmprii
837 2116 982 2192 ecclesie
1007 2114 1250 2211 Argentinensi
1276 2123 1312 2188 et
1337 2113 1619 2188 ministerialibus

201 2247 358 2342 ejusdem
384 2245 594 2342 pertinentes
618 2243 656 2316 in
681 2242 881 2317 civitatibus
905 2241 1039 2317 domini
1065 2241 1157 2336 regia
1178 2261 1242 2338 pro
1270 2239 1408 2314 civibus
1431 2261 1501 2315 non
1529 2239 1617 2314 reci·

201 2371 363 2466 piantur;
391 2369 421 2442 si
447 2389 531 2442 vero
551 2366 660 2463 aliqui
688 2374 770 2442 suut
788 2367 979 2442 residentes
1006 2377 1042 2440 et
1066 2364 1217 2440 residere
1237 2365 1410 2456 volentes,
1433 2386 1514 2438 cum
1533 2385 1620 2462 paco

201 2503 421 2584 remaneant,
441 2494 490 2568 ita
515 2501 631 2566 umen
651 2491 749 2588 quod
768 2489 930 2567 debonis
951 2493 1026 2566 auis
1047 2502 1146 2566 extra
1159 2491 1356 2586 jacentibus
1379 2489 1521 2564 domiuo
1537 2492 1621 2568 ville

201 2621 336 2694 ratione
358 2620 466 2694 banni
490 2641 570 2692 cum
589 2617 729 2692 villanis
749 2619 823 2692 suis
849 2620 886 2692 in
913 2619 1134 2710 generalibus
1156 2618 1307 2693 collectis
1326 2617 1558 2694 subserviant.
1577 2619 1621 2692 Hi

202 2767 289 2820 vero
305 2746 367 2842 qui
383 2744 571 2838 vulgariter
586 2741 809 2838 Plalburgero
825 2741 1006 2834 dicuntur,
1026 2743 1130 2816 etiam
1154 2743 1190 2816 in
1210 2743 1409 2816 civitatibus
1432 2744 1524 2840 regis
1549 2765 1621 2818 nou

202 2871 426 2968 recipiantur,
442 2867 555 2964 etqui
570 2867 698 2963 recepti
722 2878 802 2941 sunt
819 2868 1043 2942 restituantur
1060 2868 1185 2960 libere;
1204 2869 1408 2964 generaliter
1420 2879 1536 2944 autem
1550 2879 1621 2944 tam

204 2996 301 3070 cives
315 3016 421 3091 qnam
433 2991 673 3066 ministeriales
684 2991 760 3066 sive
776 2993 907 3088 proprii
922 2993 952 3066 si
967 2992 1013 3066 ad
1028 2993 1166 3090 pmpria
1179 2993 1292 3068 redire
1308 2995 1493 3088 voluerint,
1504 2996 1622 3069 licebit

204 3121 256 3194 eis
280 3121 356 3193 sine
381 3140 472 3216 pena
496 3139 518 3192 a
541 3117 679 3192 civibus
702 3125 831 3192 statuta
851 3139 922 3214 que
943 3128 1103 3194 anewete
1126 3117 1179 3217 (l)
1199 3128 1356 3194 vocatur.
1382 3120 1621 3196 Ministerialcs

205 3257 322 3322 autem
338 3245 556 3342 episcopatus
571 3243 648 3319 sive
669 3243 799 3341 proprii
821 3264 892 3319 non
915 3245 1166 3319 conveniantur
1184 3267 1250 3318 uec
1275 3245 1520 3342 impetantura
1536 3269 1621 3321 con·

205 3371 355 3446 sortibus
381 3371 472 3463 suis,
491 3369 558 3444 nisi
585 3391 701 3444 eoram
726 3367 868 3443 domiuo
890 3370 1053 3467 episcopo
1074 3373 1131 3446 vel
1156 3393 1220 3446 suo
1242 3371 1403 3446 officiale.
1423 3371 1529 3469 Apud
1546 3373 1620 3447 Sle-

205 3506 314 3572 cestat
329 3506 467 3570 moneta
484 3495 530 3569 de
546 3505 660 3568 celem
680 3515 751 3570 non
771 3494 922 3569 cudatur
942 3518 1008 3570 nec
1028 3497 1130 3588 alias,
1154 3497 1222 3570 nisi
1245 3497 1305 3570 ubi
1326 3481 1471 3571 debetur
1486 3497 1623 3593 dejure

206 3619 301 3694 cudi.
320 3619 447 3694 Forum
475 3618 521 3693 de
541 3617 720 3692 Etenheim
742 3617 790 3692 ad
813 3619 970 3692 Malburo
995 3621 1197 3693 translatum
1213 3620 1461 3694 restitueturet
1479 3620 1623 3720 dieque

206 3744 375 3819 hacteuus
393 3744 525 3818 solebat
541 3743 704 3818 celebrari
722 3745 886 3820 manebit.
906 3745 942 3819 Si
965 3767 1048 3820 vero
1074 3745 1236 3820 dominus
1259 3768 1323 3820 rex
1345 3747 1458 3820 lorum
1479 3749 1516 3820 in
1538 3749 1625 3822 Mal·

206 3869 294 3944 burc
312 3869 473 3944 ordinare
485 3869 634 3943 voluerit
652 3869 721 3944 alio
734 3869 810 3962 die,
827 3871 902 3944 siue
917 3869 1045 3944 damno
1061 3869 1207 3968 predicti
1230 3872 1296 3946 lori
1318 3871 1359 3944 in'
1372 3871 1552 3947 Eteuheim
1569 3897 1624 3948 se·

207 3994 364 4070 cundum
385 3995 477 4068 velle
503 4017 606 4068 suum
629 3995 815 4068 ordinabit.
836 3995 888 4068 De
913 3995 1007 4068 villis
1034 3995 1177 4069 veroin
1205 3995 1360 4070 terminis
1389 3997 1625 4094 langraviatus

207 4119 401 4194 constitutis
417 4119 605 4216 dequibus
620 4120 787 4194 hacteuus
802 4119 1036 4194 controversia
1052 4121 1129 4213 luit,
1141 4121 1192 4194 sic
1206 4129 1372 4194 statutum
1385 4131 1438 4196 est
1453 4132 1492 4195 ut
1504 4121 1534 4194 si
1548 4120 1624 4195 lieri

206 4251 319 4342 potest
335 4245 560 4319 amicabiliter
581 4253 825 4341 componatur3
844 4245 900 4319 sin
916 4255 1050 4337 autem,
1066 4246 1229 4322 dominus
1254 4249 1438 4345 episcopus
1458 4247 1625 4322 adhibitis

207 4369 275 4444 sibi
299 4371 440 4445 duobus
464 4370 640 4446 canonicis
658 4371 802 4444 ecclesie
822 4392 909 4462 sue,
932 4372 1072 4446 duobus
1091 4372 1393 4463 ministerialibus,
1416 4373 1556 4448 duobus
1571 4374 1626 4448 ci-

243 4673 282 4748 (Ι)
299 4671 626 4744 maurenascae,
643 4669 745 4729 mulcta
764 4668 975 4728 conventionalia
986 4669 1022 4728 ab
1038 4685 1071 4729 eo
1085 4671 1213 4732 solvenda
1232 4673 1279 4748 qui
1293 4673 1441 4733 mendae
1454 4673 1556 4733 arbitrii
1570 4691 1624 4734 non

208 4771 322 4830 steterit.
330 4769 400 4831 Vide
411 4771 555 4843 miros,
568 4769 687 4828 Gloaccr.
698 4767 750 4827 sub
760 4784 828 4828 voce
838 4768 1001 4843 Aspacara.
