4324 5916
216 605 315 667 lnnror.
334 603 397 681 15.]
674 596 870 660 HISTORIA
894 595 1186 660 ntnnoltnvlcn
1570 599 1630 664 9⁰5

215 739 351 833 argenti
367 737 502 814 dilectis
518 737 619 812 nobis
636 737 799 811 tratribus
816 735 942 812 domus
959 735 1222 810 Teutonieorum
1242 737 1367 810 Sancte
1383 737 1491 812 Maria
1513 737 1549 810 in
1566 739 1631 812 Je-

217 867 379 940 rusalem.
400 863 458 938 Ad
479 861 772 936 confirmationem
798 870 914 934 autem
943 860 1049 954 hujus
1072 861 1300 952 venditionis,
1318 860 1450 936 ibidem
1467 863 1504 936 in
1525 863 1629 945 nostri

218 1000 254 1066 at
269 990 416 1064 aliorum
436 987 622 1063 astantium
641 986 824 1084 presentia,
847 985 965 1060 omnia
986 985 1079 1060 bona
1105 1007 1169 1059 sua
1193 985 1347 1081 predicta
1373 987 1513 1062 invilla
1536 989 1634 1062 bler-

221 1114 385 1212 ganthcin
403 1122 439 1188 at
454 1113 486 1208 ej
491 1135 531 1186 us
547 1111 703 1186 districtu
717 1111 797 1204 sita,
815 1111 907 1184 culta
918 1119 954 1184 et
968 1110 1111 1200 inculta,
1131 1109 1295 1205 inquisita
1312 1120 1348 1186 et
1364 1133 1434 1185 non
1451 1113 1632 1210 inquisitu,

222 1261 304 1314 cum
322 1238 484 1312 omuibus
504 1236 579 1310 suis
596 1235 808 1334 pertinentiis
830 1257 935 1310 manu
962 1235 1102 1332 pmpria
1126 1243 1161 1309 et
1179 1255 1284 1310 manu
1308 1235 1477 1310 heredum
1494 1259 1636 1310 suorum

223 1363 471 1464 prenominatis
500 1364 664 1436 tratribus
691 1361 917 1451 contradidit3
939 1361 1149 1457 resignando
1175 1362 1227 1436 eis
1254 1379 1318 1458 pro
1343 1383 1381 1434 se
1403 1369 1439 1436 ct
1462 1363 1539 1436 aliis
1565 1363 1639 1436 suis

224 1489 413 1566 heredibus
439 1509 542 1563 omne
563 1490 623 1582 jus
650 1496 686 1561 st
713 1485 954 1583 proprietatem
990 1509 1096 1582 quam
1121 1487 1158 1560 in
1188 1487 1275 1584 ipsis
1301 1487 1402 1561 bonis
1431 1487 1556 1560 habuit
1582 1489 1636 1560 vel

226 1615 355 1690 habere
377 1613 565 1688 videbatur
582 1622 619 1688 et
638 1612 818 1686 manifeste
821 1665 1637 1686 .........................

227 1762 249 1815 a
277 1739 419 1837 prelatis
446 1739 609 1814 tratribus
628 1760 704 1812 esse
727 1737 765 1810 in
791 1737 964 1832 integrum
986 1737 1116 1830 soluta,
1144 1759 1213 1834 qne
1241 1735 1440 1812 vendicioni
1465 1746 1643 1834 pretaxate

228 1867 502 1940 intercesserant.
523 1863 625 1938 Unde
640 1872 674 1937 et
692 1883 755 1959 pro
771 1883 810 1936 se
826 1870 861 1936 et
875 1862 1039 1935 omnibus
1059 1862 1135 1936 suis
1154 1862 1262 1936 simul
1284 1861 1472 1936 heredibus
1491 1859 1644 1961 ren[uu-

229 1989 336 2066 ciavit
352 1985 463 2086 omui]
483 1987 611 2062 actioni
626 1997 661 2062 et
674 1987 745 2080 juri
761 2007 832 2083 quo
847 2009 952 2084 super
967 1987 1036 2061 hiis
1053 1997 1115 2062 aut
1131 1987 1209 2062 aliis
1225 1988 1453 2084 prenominati
1471 1989 1592 2062 fratres
1610 1999 1645 2063 et

230 2136 351 2189 eorum
373 2133 587 2188 comessores
609 2120 750 2210 possent
771 2112 949 2186 conveniri
971 2123 1033 2186 aut
1048 2111 1165 2209 aliquo
1186 2111 1293 2187 modo
1315 2111 1352 2184 in
1375 2133 1515 2188 causam
1539 2111 1640 2187 trahi.

230 2239 302 2314 Nos
317 2259 402 2314 vero
419 2246 460 2312 ut
484 2260 526 2312 ea
543 2259 614 2334 que
634 2246 704 2310 tom
723 2237 906 2333 sollempni
925 2237 1112 2312 donatione
1125 2246 1160 2312 et
1173 2246 1350 2312 contractu
1372 2237 1407 2310 in
1430 2238 1536 2312 nostri
1559 2259 1646 2335 pre-

232 2364 342 2438 sentia
369 2371 404 2438 et
426 2363 623 2460 principum
645 2371 681 2436 et
704 2362 891 2435 multorum
915 2362 1084 2435 nobilium
1111 2371 1254 2437 tractata
1279 2370 1380 2454 sunt,
1406 2383 1476 2435 non
1501 2362 1649 2455 alicujus

234 2489 307 2564 doli
325 2469 383 2562 vel
398 2487 598 2562 ementatis
617 2487 714 2560 rabie
733 2487 874 2560 lacerari
895 2486 1058 2579 debeant,
1082 2487 1147 2562 sed
1161 2488 1263 2580 juxta
1285 2485 1539 2582 providentiam
1555 2487 1650 2583 regie

235 2615 456 2688 sublimitatis
484 2615 688 2686 inconcussa
714 2621 958 2708 permaneant,
988 2611 1175 2685 accedente
1203 2612 1306 2684 etiam
1333 2611 1505 2708 peticione
1528 2633 1650 2709 supra·

237 2739 321 2815 dicti
338 2740 382 2811 Η.
400 2747 435 2812 et
457 2739 600 2812 lratrum
619 2736 910 2834 supradictorum,
929 2736 965 2809 in
981 2744 1110 2811 certam
1127 2733 1338 2810 evidentiam
1354 2735 1511 2808 omnium
1527 2733 1652 2809 horum

237 2864 409 2939 conscribi
428 2863 574 2938 lecimus
590 2871 626 2936 et
646 2871 717 2938 tam
734 2862 857 2957 sigillis
882 2861 1085 2936 dilectorum
1104 2860 1301 2957 principum
1326 2869 1540 2950 nostrorum,
1560 2861 1653 2934 Her-

237 2989 357 3064 manui
370 2988 627 3084 Herbipolensis
643 2987 798 3085 episcopi
813 2997 849 3062 et
864 2985 1044 3062 Lndevrici
1058 2985 1193 3060 comitis
1211 2985 1353 3083 palatini
1366 2993 1401 3060 ot
1415 2984 1517 3058 ducis
1527 2987 1653 3058 Bawa·

239 3114 308 3204 rio,
328 3135 434 3208 quam
449 3122 567 3186 nostro
581 3111 735 3186 roborari
753 3111 885 3185 literam
902 3119 1109 3208 presentem.

288 3240 407 3313 Testes
425 3237 476 3311 hii
498 3246 581 3311 sunt
601 3237 819 3312 Hermanuus
838 3235 1112 3332 herbipolensis,
1137 3234 1299 3310 Sivridus
1318 3233 1548 3332 Augustensis
1574 3233 1656 3330 cpi-

240 3364 350 3460 scopi,
369 3361 581 3438 Ludewicns
597 3361 674 3436 dnx
688 3362 848 3438 Bawarie
864 3371 900 3435 et
916 3383 1033 3436 comes
1051 3362 1225 3459 palatinus
1239 3361 1370 3454 llheni,
1391 3361 1429 3434 C.
1445 3361 1656 3457 burgravius

242 3488 289 3563 de
303 3487 522 3580 Nurenbarc,
546 3489 720 3583 llupertus
734 3497 769 3560 et
783 3485 994 3562 Ludewicus
1012 3488 1133 3561 tratres
1149 3496 1185 3560 et
1201 3487 1344 3561 comites
1363 3486 1408 3560 dc
1428 3487 1564 3576 Kastol,
1585 3486 1658 3558 Fri·

243 3611 382 3686 doricus
399 3612 445 3686 da
462 3611 748 3705 Trahendingen,
774 3611 938 3684 Gerlacns
955 3611 1002 3684 de
1025 3611 1212 3706 Rutinsson,
1232 3611 1407 3685 (lutfridus
1423 3621 1459 3684 et
1475 3609 1658 3684 Cunradus

244 3739 365 3811 iratres
380 3737 425 3812 dc
443 3736 661 3830 Hohenloch,
680 3736 862 3810 Cunradus
877 3736 1042 3832 pincerna
1067 3734 1114 3810 de
1135 3737 1379 3830 Klingcnhem,
1398 3737 1510 3811 etalii
1530 3757 1658 3832 qnam-

246 3862 375 3958 plures.

295 3985 420 4059 Actum
437 3986 534 4083 apud
547 3986 787 4083 Rutisponam‚
804 4009 896 4061 anno
914 3988 960 4062 ab
979 3988 1213 4064 incarnatione
1231 3987 1369 4062 Domini
1386 3987 1568 4063 millesimo
1583 3985 1657 4060 dn-

247 4111 435 4186 eentesimo
451 4111 603 4204 xxvtr,
621 4120 745 4208 quarto
758 4111 925 4188 kalendas
941 4112 1119 4205 februarii,
1138 4112 1327 4188 indictione
1347 4113 1423 4186 xv.

466 4365 1442 4378 m-—o-m---oe-n———umffl

304 4598 507 4704 Henrions,
529 4598 789 4686 Romanorum
807 4627 893 4710 rex,
912 4602 962 4685 ad
980 4600 1294 4714 supplicationem
1310 4599 1459 4685 abbatis
1472 4601 1520 4686 de
1535 4603 1663 4688 Petri-

252 4733 392 4838 domo‚
409 4733 596 4840 promittit
612 4735 718 4845 quod
736 4735 952 4820 advocatias
969 4761 1068 4847 quas
1089 4735 1152 4834 hic
1173 4734 1293 4820 abbas
1311 4734 1361 4820 ab
1373 4735 1600 4822 Hildebcldo
1618 4737 1666 4822 de

353 4868 395 4930 Π.
416 4884 504 4932 ΡΜ.
1472 4880 1528 4934 114

1750 4620 1813 4676 Apud

1710 4675 1856 4727 Ezscllngcn·

1710 4732 1735 4774 ts
1748 4727 1860 4774 lebruartl.
