4326 5910
201 597 300 658 lunia.
317 591 381 672 12]
655 588 849 652 HISTORIA
875 585 1167 650 oteuounrrcn
1554 585 1614 648 '179

276 752 407 833 (Ellam.
418 750 625 824 Lnuexrmn„
639 745 784 832 tnAnttq.
801 746 982 827 wallum.
995 747 1150 810 tsr.-1n
1158 744 1258 828 Anttq.
1273 742 1500 830 resumtum,
1511 763 1541 826 p.
1556 757 1607 812 aa.

315 893 356 913 -
371 861 407 922 In
427 857 528 940 Anuq.
555 853 714 932 waterus..
731 875 763 938 p.
790 866 855 921 tao.
875 859 1156 931 -asnsrmmn,
1179 852 1340 918 omma
1355 873 1412 918 ooo
1431 853 1607 932 Nerei-laur..

317 977 348 1030 a·
361 984 441 1048 pars,
457 968 539 1044 ⁵·o.)

247 1181 415 1254 Henrions
432 1179 602 1276 septimus
619 1179 741 1253 divina
754 1180 891 1253 favente
907 1179 1089 1254 elementia
1103 1180 1335 1254 Romanorum
1350 1200 1415 1252 rex
1428 1187 1464 1252 et
1475 1200 1610 1276 semper

200 1315 382 1402 augustus.
402 1305 539 1380 lustum
551 1326 627 1378 esse
650 1304 825 1378 oredimus
843 1315 878 1378 et
891 1313 1160 1378 eonsentaneum
1179 1304 1303 1378 rationi
1320 1312 1359 1376 ut
1377 1326 1418 1376 ea
1434 1326 1502 1398 qne
1515 1313 1612 1400 pater

201 1441 237 1503 et
266 1430 429 1504 dominns
453 1439 569 1504 noster
595 1429 861 1524 gloriosissimus
887 1429 1118 1502 Romanorum
1143 1430 1328 1526 imperator
1353 1429 1412 1526 pia
1438 1427 1611 1502 delibera-

203 1557 295 1629 tione
308 1555 427 1628 statuit
444 1563 479 1627 et
497 1553 602 1648 sigilli
622 1553 677 1626 sui
700 1553 893 1626 munimine
909 1553 1102 1646 roboravit,
1123 1575 1193 1628 non
1212 1563 1342 1627 tantum
1363 1563 1438 1626 rata
1458 1561 1493 1626 et
1514 1551 1612 1626 firma

202 1681 409 1771 habeamus,
431 1681 676 1754 verumetiam
691 1678 805 1753 modis
822 1679 984 1751 omnibus
1003 1677 1243 1771 defendentes,
1271 1688 1440 1773 quantum
1459 1678 1495 1750 in
1512 1677 1613 1750 nobis

203 1815 254 1876 est
275 1814 311 1877 et
330 1811 499 1900 qnantum
522 1825 724 1900 possumus,
741 1813 857 1876 nostra
873 1802 969 1897 regia
988 1809 1155 1898 potestate
1178 1811 1213 1875 et
1232 1801 1336 1897 sigilli
1360 1803 1466 1876 nostri
1490 1824 1613 1878 carae-

204 1937 274 2001 tere
289 1928 502 2002 roboremus.
521 1929 609 2002 Hinc
624 1929 783 2024 estquod
798 1927 845 2002 ad
862 1927 1017 2001 notitiam
1034 1927 1243 2022 singularem
1258 1927 1419 2000 volumus
1433 1926 1613 2022 pervenire

202 2051 299 2149 qnod
322 2053 468 2128 dilectus
497 2063 613 2128 noster
637 2053 871 2128 Theodoriana
897 2055 1091 2150 prepositus
1111 2054 1147 2126 in
1173 2053 1365 2126 Northnsen
1392 2051 1613 2148 privilegium

202 2178 309 2273 patris
322 2179 429 2252 nostri
442 2201 546 2277 snper
559 2177 776 2254 ordinatione
787 2179 1029 2254 Northusensis
1046 2179 1191 2252 ecclesie
1205 2179 1306 2251 nobis
1321 2177 1494 2269 exhibuit,
1513 2179 1613 2270 enjus

203 2312 300 2377 tenor
316 2303 395 2376 talis
409 2313 485 2376 est:

253 2423 428 2524 [Sequitur
446 2427 487 2498 de
509 2425 603 2497 uerbo
623 2427 669 2498 orl
684 2427 819 2499 eertum
836 2428 1049 2522 pn'oilegt'om
1065 2427 1227 2501 Friderie'
1240 2425 1390 2516 secono,
1408 2425 1495 2521 mind
1510 2447 1615 2520 sopra

204 2551 427 2639 emlibrdmos,
446 2574 483 2647 p.
504 2547 606 2650 328]

250 2675 321 2748 Nos
346 2675 453 2771 igitur
484 2653 628 2750 inducti
645 2675 834 2749 rationibus
854 2677 1015 2772 superins
1037 2676 1209 2750 annotatis
1234 2673 1454 2770 privilegium
1485 2675 1614 2770 glorio-

203 2798 329 2872 sissimi
345 2800 454 2894 patris
475 2799 582 2873 nostri
601 2798 734 2873 domini
753 2797 966 2895 imperatoris
983 2799 1148 2874 Frirleriei
1166 2797 1264 2895 qnod
1284 2799 1320 2870 in
1338 2797 1403 2871 hae
1420 2807 1514 2872 carta
1532 2821 1615 2872 eon-

203 2924 331 2996 tinetnr
343 2923 544 2996 anctoritate
559 2923 654 3017 regia
667 2921 922 3013 oonllrmamus‚
933 2923 1161 3021 precipientes
1174 2944 1220 2996 ne
1234 2921 1419 3016 quisquam
1433 2921 1613 2995 hominum

204 3051 442 3144 cujuscunque
464 3047 672 3121 eonditionis
692 3047 780 3121 illud
798 3049 985 3144 intringere
1000 3049 1055 3122 vel
1074 3049 1231 3121 minuere
1249 3047 1307 3120 vel
1320 3067 1530 3141 quocunqne
1545 3048 1614 3120 alio
1746 3139 1750 3147 Ι

203 3171 308 3245 modo
326 3181 444 3246 oontra
460 3171 549 3246 illud
571 3173 689 3246 venire
709 3183 896 3269 presumat.
917 3173 1020 3260 Quod
1038 3173 1100 3268 qui
1119 3173 1238 3246 feeerit
1254 3180 1393 3244 centum
1413 3168 1519 3244 libras
1538 3173 1614 3245 auri

203 3306 400 3393 componat,
412 3319 517 3372 unam
530 3297 751 3374 medietatem
765 3320 899 3372 camere
912 3308 1040 3390 nostre,
1056 3297 1223 3392 reliquam
1240 3317 1344 3394 passo
1358 3295 1521 3390 injuriam
1532 3317 1615 3392 per-

203 3423 418 3500 solvendam.
429 3424 472 3498 llt
489 3431 529 3496 ut
542 3445 650 3522 super
665 3423 721 3496 his
735 3427 845 3498 omnis
859 3426 999 3499 tollatur
1014 3419 1235 3520 ambiguitas,
1258 3422 1348 3494 hane
1362 3429 1491 3494 cartam
1512 3419 1615 3516 sigilli

204 3550 310 3622 nostri
329 3548 521 3651 munimine
538 3549 684 3622 fecimus
705 3549 875 3642 roborari,
895 3549 1033 3622 firmum
1051 3548 1216 3621 habentes
1236 3548 1451 3643 propositum
1468 3545 1615 3641 gratiam

202 3673 404 3768 ampliorem
420 3684 455 3747 et
471 3674 620 3766 largiora
638 3673 806 3748 beneficia
828 3673 971 3748 eoelesie
986 3673 1162 3772 sepediete
1180 3694 1260 3746 enm
1283 3694 1322 3745 se
1340 3673 1437 3746 loeus
1452 3670 1617 3746 obtulerit

202 3795 380 3892 impertiri.
1435 3775 1438 3786 '

250 3920 367 3992 Testes
390 3920 494 4014 hujus
519 3922 570 3996 rei
596 3931 677 3994 sunt
704 3921 852 3996 Silridns
879 3925 1122 4018 Magantinus,
1151 3925 1378 4020 Engelbertns
1403 3923 1614 4002 Coloniensis

203 4043 470 4142 arehiepisoopi‚
498 4047 576 4120 Otto
601 4047 871 4144 Herbipolensis,
898 4049 1139 4144 Engelhardns
1158 4052 1497 4146 Nuwenburgensis‚
1521 4053 1613 4127 Eko-

203 4164 334 4240 hardns
357 4169 670 4264 llerseburgensis,
699 4169 878 4246 Conradns
903 4173 1191 4268 Hildeeemensis,
1220 4176 1398 4249 Conradns
1422 4176 1611 4250 ltindensis

203 4291 376 4388 episcopi,
407 4293 619 4368 Ludowions
644 4295 818 4394 palatinus
844 4319 957 4371 eomes
983 4299 1069 4372 Reni
1091 4299 1167 4374 dux
1196 4301 1374 4394 Bawarie,
1398 4301 1612 4376 Lndowieus

204 4415 425 4512 landgravius
443 4419 648 4515 Thuringie,
678 4423 846 4495 Henrious
870 4445 985 4498 eomes
1008 4423 1173 4498 Asoharie
1198 4423 1270 4522 (t),
1298 4427 1377 4500 Otto
1397 4427 1609 4524 Magdebur·

238 4726 276 4800 (t)
295 4727 525 4792 iresteomitatns
536 4732 893 4795 aliassubnominetnltott
905 4735 1072 4811 designatus.
