4324 5912
706 556 829 617 INDEX
853 558 1203 624 DOCUMENTORUM.
1590 563 1669 624 1019

252 761 390 886 Q

678 889 735 948 nisi
749 887 805 950 aab
817 892 904 952 cartis
916 891 1134 955 conditionibus
1147 911 1224 973 quae
1237 897 1357 956 omnino
1369 896 1552 974 imperialem
1565 895 1670 956 excel-

678 985 1002 1049 lentiamdedecebant.
1610 1000 1668 1052 669

259 1093 383 1166 auceps.
443 1082 583 1163 Foggiae.
639 1082 801 1145 liuimldaa
822 1083 886 1146 dac
912 1085 1020 1166 spoleta·
1038 1095 1068 1150 et
1094 1089 1213 1150 Taurica
1233 1087 1345 1172 bootae
1372 1090 1554 1152 Eberardum
1576 1107 1669 1168 nepo·

678 1189 740 1244 tem
759 1199 847 1244 suum
862 1189 1014 1248 constituit
1035 1189 1226 1249 matellanum
1248 1189 1349 1250 Sancti
1367 1188 1498 1250 ilintatla
1517 1206 1584 1250 cum
1601 1191 1669 1266 Jus-

677 1283 763 1354 titlls,
775 1283 906 1360 juribus,
919 1286 1083 1347 rationibus
1095 1293 1126 1348 et
1138 1289 1275 1349 omnihus
1289 1291 1404 1365 imperii
1417 1289 1588 1350 honoribus.
1612 1297 1669 1349 676

264 1385 370 1440 inor.
451 1372 573 1436 Romae.
637 1405 680 1422 -
698 1377 851 1440 Universls
868 1395 921 1456 per
938 1381 1076 1442 Tusciam
1094 1387 1263 1444 constitutis
1282 1391 1387 1444 notum
1405 1383 1477 1444 iacit
1497 1399 1529 1446 aa
1546 1401 1615 1445 cum
1632 1386 1671 1446 ad

678 1490 816 1551 praesens
836 1475 875 1536 ad
895 1481 1012 1555 negaba
1030 1479 1153 1539 Tusciae
1171 1481 1335 1558 peragenda
1356 1481 1546 1558 personaliter
1568 1479 1671 1541 adesse

677 1579 821 1650 nequeat,
836 1574 985 1635 Eberardo
1002 1577 1160 1637 castellano
1176 1578 1276 1638 Sancti
1298 1578 1429 1638 Miniatia
1442 1579 1542 1654 nepoti
1554 1595 1608 1638 suo
1622 1579 1670 1638 vl·

677 1675 788 1733 cariam
799 1675 923 1735 Tusclae
937 1676 1101 1752 generalem
1114 1681 1144 1735 et
1156 1677 1312 1754 specialem
1326 1677 1519 1738 commisisse.
1608 1685 1666 1738 666

270 1777 289 1829 6
302 1783 373 1831 nov.
457 1764 571 1828 Albelis
643 1769 767 1833 Tbomcr
782 1790 871 1833 eomer
884 1773 1058 1849 subaudire,
1075 1777 1245 1836 6166616616
1258 1775 1432 1838 lombardia
1447 1778 1589 1839 Frldericl
1608 1777 1668 1838 Ro-

432 1842 593 1927 (fflfflb
677 1886 834 1932 manorum
855 1872 1054 1948 imperatoria,
1072 1874 1199 1952 Ugollno
1217 1873 1405 1936 Douedamae
1426 1876 1563 1952 potestati
1582 1873 1667 1934 Mas·

677 1967 762 2028 sillae
779 1971 1006 2044 promissionem
1024 1971 1192 2032 solemniter
1208 1973 1292 2050 iurat
1307 1972 1345 2033 de
1359 1973 1565 2050 Junsdictiona
1584 1971 1665 2032 ordl-

676 2064 761 2123 uaria
773 2069 804 2124 et
815 2081 895 2124 mero
907 2067 1031 2142 imperio
1043 2068 1137 2128 eidem
1151 2071 1299 2130 communi
1315 2069 1509 2129 concedendis
1523 2075 1613 2145 atque
1628 2066 1666 2128 de

675 2164 800 2224 diversis
814 2161 999 2226 libertatibus
1014 2165 1125 2226 ibidem
1145 2169 1308 2246 expressis,
1323 2167 1433 2228 addens
1453 2167 1532 2244 quod
1546 2167 1665 2244 privile-

675 2265 758 2341 glum
772 2265 804 2323 in
817 2263 874 2324 bac
888 2263 983 2325 iorma
999 2265 1038 2326 ab
1049 2267 1224 2342 imperatore
1235 2265 1384 2328 Frlderico
1396 2264 1566 2327 coniirmarl
1577 2263 1666 2326 iactet

674 2368 706 2423 et
717 2361 849 2424 bannum
860 2364 1010 2442 imperiale
1021 2363 1159 2426 relaxari.
1490 2371 1549 2424 666
1562 2368 1593 2424 et
1606 2370 1663 2424 out

704 2775 892 2820 uomiturus
910 2775 1006 2820 Vdffl
1025 2775 1067 2818 AD
1086 2774 1141 2818 RES
1160 2773 1371 2818 ssmiifflffl
1391 2773 1586 2817 seueram.

263 2805 368 2886 isal

246 2914 383 3000 ὀἶιιῖ
417 2939 599 3020 Magnum,
635 2927 828 3012 Enqclbertar
847 2927 1021 2992 06166ιί66616
1038 2927 1263 3009 archiepiscopus
1284 2926 1417 2989 nollilcat
1437 2943 1490 3004 per
1506 2927 1663 2988 consillum

673 3048 761 3092 sunm
781 3033 943 3093 llenrlcum
961 3033 1161 3093 Romanorum
1181 3045 1279 3107 regem
1296 3030 1328 3088 in
1345 3029 1461 3088 irritum
1475 3029 1661 3088 revocavisse

672 3133 846 3190 seutemlam
864 3147 918 3208 pro
931 3133 1036 3192 comite
1053 3129 1227 3191 lloiiandlae
1240 3126 1393 3187 Wilielmo
1411 3132 1515 3186 contra
1534 3127 1663 3186 comitia·

674 3243 739 3289 sam
756 3228 911 3289 Fiaudriae
933 3235 963 3290 et
981 3230 1155 3290 Hannoniae
1167 3227 1333 3288 lobaunam
1354 3224 1505 3304 quondam
1526 3226 1559 3286 in
1579 3225 1664 3286 curia

671 3324 1018 3386 Franlsiordansllatam.
1603 3329 1659 3382 tut

246 3427 385 3507 [augona
397 3428 616 3512 weissenburg,
632 3421 866 3502 antiepiscopus
887 3422 1078 3495 resumas,
1098 3423 1263 3503 Spirensis,
1287 3417 1502 3482 Ratt'rborteurt'r
1524 3425 1553 3480 et
1575 3420 1663 3480 Bari·

242 3512 385 3589 illaleh]
672 3518 770 3581 1166616
789 3521 926 3602 episcopi,
941 3521 1058 3583 abbates
1077 3519 1112 3582 dc
1131 3518 1329 3602 Weissenburq
1347 3526 1376 3580 et
1393 3517 1429 3579 de
1445 3515 1585 3580 Marlacl
1605 3521 1663 3580 ml·

671 3620 869 3681 nisterialibus
892 3621 1031 3681 ecclesiae
1055 3619 1303 3680 Hildesbemeusis
1326 3617 1470 3678 mandant
1489 3623 1524 3677 ut
1545 3615 1585 3677 ad
1607 3616 1662 3677 ob-

670 3719 805 3794 sequium
827 3717 953 3778 Conradi
975 3717 1225 3778 Hildesbemensis
1246 3716 1331 3776 electi
1353 3714 1478 3776 ilbenter
1501 3714 1660 3790 accedant;

670 3815 801 3892 alloquin
819 3815 858 3875 ad
874 3815 1055 3893 colloquium
1073 3818 1105 3874 lu
1118 3814 1193 3874 iesto
1213 3813 1312 3874 Sancti
1325 3812 1434 3890 AEgidii
1453 3811 1534 3888 apud
1546 3812 1662 3873 Franc-

669 3910 1164 3992 iortindictumveniantiustltiaa
1178 3911 1391 3989 plenitudinem
1402 3913 1559 3987 recepturi.
1602 3920 1660 3972 uit

250 4015 289 4068 2⁵
301 4024 371 4089 ang.
406 4057 613 4081 .......
629 4011 753 4074 Abboter
770 4011 805 4073 dc
822 4013 963 4075 Marbccb
982 4021 1011 4075 et
1034 4013 1069 4075 do
1089 4013 1250 4096 Noecburq
1268 4021 1296 4074 et
1318 4014 1352 4076 S.
1369 4031 1458 4073 comer
1480 4011 1515 4073 de
1536 4012 1659 4087 illerde,

665 4113 782 4189 judices
794 4112 832 4172 ab
846 4113 1019 4191 imperatore
1031 4113 1168 4192 delegati,
1184 4114 1414 4174 mauovarslam
1429 4113 1616 4188 interipsum
1630 4117 1661 4172 et

668 4211 838 4287 episcopum
848 4211 1091 4289 Argentinensam
1101 4211 1138 4270 de
1147 4209 1324 4287 quibusdam
1334 4207 1565 4286 possessionibus
1575 4223 1661 4268 exor-

668 4312 729 4366 tam
743 4323 795 4382 per
807 4311 1049 4383 compositionem
1062 4310 1221 4369 terminare
1234 4307 1365 4368 studeat.
1460 4313 1531 4378 166,
1546 4309 1610 4364 not.
1629 4312 1657 4366 i.

242 4397 378 4475 1116611.
398 4397 610 4480 Norbampton.
626 4403 769 4463 Heara'caa
781 4405 835 4478 iil,
857 4403 981 4487 Aoqla'ce
999 4423 1064 4480 rac,
1079 4405 1180 4466 abbati
1194 4405 1324 4466 Belliloci
1339 4409 1370 4464 et
1387 4403 1548 4465 Walerano
1561 4401 1660 4462 Theo·

666 4504 766 4562 tonino
791 4503 929 4563 euntibus
953 4506 985 4565 in
1006 4505 1210 4564 Alemaunlam
1233 4507 1264 4561 et
1281 4501 1411 4561 Jobauni
1433 4500 1529 4576 Lupo,
1554 4501 1660 4560 nuntio

667 4614 703 4659 ac
719 4601 878 4676 imperialis
897 4601 983 4662 aulae
999 4601 1166 4675 camerario,
1180 4613 1295 4660 marcas
1312 4599 1427 4678 argenti
1448 4613 1501 4675 pro
1522 4597 1660 4672 expensis

666 4695 783 4757 liberari
797 4695 878 4759 iacit.
1463 4701 1533 4770 166,
1548 4699 1611 4754 661.
1628 4701 1657 4754 1.
