4330 5914
500 599 562 664 ruo
837 629 841 638 -
1024 545 1198 662 nnnnrcr
1223 599 1392 664 srrrnrr
1727 603 1811 686 [nn.
1830 607 1921 672 rem

500 743 726 812 concurrente
753 735 826 826 V10,
849 732 1039 808 indictione
1055 735 1128 825 Xt·,
1153 749 1276 834 epacta
1295 740 1402 815 xvir·
1425 739 1498 838 (t),
1516 747 1553 814 et
1574 740 1679 836 sigilii
1702 744 1810 817 nostri
1838 767 1923 820 ano·

501 863 636 936 toritate
648 860 821 950 roborata,
841 880 958 934 eoram
977 860 1033 933 bis
1049 861 1219 936 testibus:
1236 863 1366 940 domno
1380 863 1541 940 Conrado
1554 865 1698 942 Metensi
1713 876 1749 941 ct
1765 868 1922 966 Spirensi

500 989 663 1086 episcopo
678 985 866 1082 imperialis
885 988 966 1060 aule
980 987 1197 1079 cancellario,
1217 989 1347 1064 domno
1360 989 1485 1065 Ottone
1501 989 1719 1088 Erbipolensi
1738 993 1918 1090 episcopo,

500 1114 629 1188 domno
650 1110 839 1187 Ludewioo
863 1109 917 1208 (2)
941 1111 1140 1186 marchione
1164 1112 1211 1187 de
1232 1113 1360 1202 Badio,
1386 1115 1516 1188 domno
1539 1115 1699 1190 Heinrico
1724 1118 1851 1192 comite
1873 1120 1922 1194 de

500 1237 645 1311 Duobus
659 1236 837 1326 Pontibus,
856 1235 986 1310 domno
1001 1237 1153 1333 Symone
1167 1239 1293 1314 comite
1307 1239 1353 1314 de
1365 1241 1567 1337 Saraponoe,
1581 1239 1711 1316 domno
1727 1244 1920 1340 sygeberto

501 1363 626 1438 comita
642 1361 689 1436 de
704 1361 835 1436 Atsatia
850 1369 887 1434 et
899 1361 1120 1436 Woldbelmo
1134 1363 1277 1438 sculteto
1292 1364 1338 1439 de
1353 1366 1546 1460 mgenow.

549 1491 634 1562 Data
648 1487 744 1585 apud
761 1487 992 1582 Hagenowia‚
1011 1508 1103 1561 anno
1118 1489 1217 1584 regni
1234 1490 1341 1564 nostri
1358 1487 1526 1564 secundo.

396 2103 430 2174 ο..
552 2047 759 2158 Henricus,
779 2049 1040 2135 Romanorum
1057 2077 1143 2160 rex,
1172 2049 1463 2135 donationema
1494 2059 1602 2160 patre
1628 2073 1698 2133 suo
1724 2045 1919 2132 Friderico

497 2183 725 2294 imperatore
742 2182 883 2266 factem
907 2183 1081 2268 abbatiae
1098 2184 1415 2298 ,Neuenburgensi
1438 2183 1487 2268 de
1512 2209 1592 2268 une
1617 2181 1705 2268 nari
1722 2181 1763 2264 in
1781 2181 1919 2267 Rheno

497 2343 588 2402 cum
619 2317 859 2402 immunitate
894 2317 1061 2404 thelonei
1092 2329 1130 2404 et
1157 2319 1364 2404 exactionis
1395 2317 1599 2431 cujuslibet
1631 2327 1757 2402 ratam
1786 2316 1917 2402 denuo

497 2449 665 2536 hebetet
679 2450 892 2536 confirmat.

576 2667 783 2748 (demoratum
803 2684 854 2747 ap.
868 2667 1089 2742 Wunurwnrn,
1108 2667 1190 2731 Nouo
1211 2665 1317 2730 rodeid
1338 2665 1501 2750 dipbmut,
1522 2674 1596 2731 tom.
1618 2667 1709 2744 XIII,
1723 2683 1755 2746 p.
1771 2675 1846 2742 m,
1860 2666 1916 2728 nbi

616 2777 697 2839 unde
717 2775 774 2838 hoe
796 2776 1011 2855 deprompserit
1031 2791 1092 2837 non
1114 2775 1234 2838 indicat
1255 2778 1439 2858 Quapropter
1457 2777 1619 2857 quamdam
1637 2791 1708 2838 cnm
1728 2774 1917 2854 praecedenti

614 2885 839 2950 confirmatione
857 2879 1041 2965 suspicamur
1061 2885 1266 2948 contusionem
1272 2929 1282 2962 ‚
1303 2889 1362 2950 nist
1384 2890 1488 2950 iterato
1507 2887 1678 2967 privilegio,
1699 2883 1753 2947 red
1774 2886 1807 2946 tn
1826 2883 1919 2946 rottae

615 2993 726 3072 torma,
747 2995 937 3058 decadonem
950 2995 1043 3072 patris
1061 2995 1109 3056 snt
1122 2993 1220 3056 denuo
1233 2993 1381 3058 Henrteun
1394 2993 1635 3073 confirmaverit.)

544 3183 670 3254 Datum
685 3179 798 3276 Spire,
815 3177 934 3280 [anno]
951 3179 1198 3272 ttcttxxffl,
1216 3204 1334 3257 manse
1353 3185 1457 3278 majo.

550 3757 753 3862 Hannone,
774 3757 1035 3844 Romanorum
1062 3781 1147 3862 rex,
1174 3757 1335 3841 mandat
1362 3758 1542 3844 omnibus
1567 3758 1617 3840 ad
1641 3781 1739 3868 quos
1765 3755 1918 3840 henefi-

496 3891 600 3978 cium
612 3892 653 3974 in
668 3889 911 3975 Sassenheim
925 3899 963 3974 et
980 3889 1021 3972 in
1034 3889 1306 3975 Luttershusen
1324 3889 1438 3976 suerit
1456 3889 1694 4000 devolutum,
1711 3916 1760 3974 ne
1777 3889 1916 3974 fratres

531 4165 570 4238 (t)
587 4164 643 4222 lste
656 4158 831 4236 computandi
844 4159 940 4218 modus
953 4175 1002 4234 per
1013 4165 1220 4217 concurrentem
1232 4165 1261 4217 et
1274 4165 1400 4234 epactam
1412 4158 1440 4216 iu
1454 4159 1598 4236 privilegiis
1607 4159 1792 4236 imperialibus
1802 4157 1914 4217 omnino

493 4263 631 4335 insolitus,
645 4261 674 4318 iu
692 4259 793 4318 chartis
812 4257 1051 4332 Neoburgensibus
1072 4255 1289 4332 nequentissime
1300 4263 1456 4333 usurpatur.
1469 4257 1538 4318 Cum
1558 4265 1649 4317 autern
1663 4257 1700 4316 ibi
1722 4257 1793 4316 dedt
1810 4255 1914 4316 notatio

493 4362 609 4435 mensis,
624 4375 659 4418 ex
669 4358 729 4420 loco
742 4357 797 4416 dati
816 4355 948 4432 privilegii
969 4361 998 4414 et
1018 4371 1053 4414 ex
1074 4355 1215 4414 ooitatione
1236 4355 1346 4416 mtium
1368 4355 1403 4416 ad
1422 4371 1545 4416 mensem
1563 4358 1664 4418 mdnm
1678 4357 1731 4417 buc
1742 4355 1912 4416 reterendum

492 4461 665 4530 arbitramur,
677 4457 781 4518 scilicet
794 4460 857 4531 post
867 4460 993 4514 warum
1005 4453 1109 4514 mensis
1121 4454 1208 4514 diem.

529 4553 565 4630 (Ξ)
582 4555 671 4626 Quum
683 4554 804 4614 nuccio
815 4551 947 4612 Badensis
966 4557 1031 4612 tunc
1051 4557 1164 4612 rocetos
1184 4552 1265 4612 tuerit
1287 4553 1472 4626 timmnmns,
1489 4555 1563 4614 huuc
1577 4553 1666 4614 iocum
1678 4553 1766 4612 sicud
1778 4553 1912 4626 inteprmr

490 4654 687 4716 restituendum
707 4668 850 4714 mmmm
865 4669 872 4710 :
888 4651 986 4712 domm
1007 4651 1152 4714 dadewt'oo
1175 4651 1252 4728 [daca
1269 4654 1416 4726 Βαιοατίο,
1440 4655 1607 4724 detruncato]
1627 4651 1783 4712 morubioae
1804 4649 1837 4710 do
1857 4651 1914 4708 do·

495 4754 559 4826 dio,
573 4759 627 4811 etc.
