4326 5910
525 600 586 664 802
1051 604 1223 666 llENlilCl
1248 605 1415 667 SEP'l'llll
1745 606 1826 684 [lien.
1845 605 1927 668 1224

527 737 735 811 indulsimus
748 747 788 811 nt
803 761 1041 835 quascumque
1055 743 1300 836 possessiones,
1315 743 1351 813 in
1368 742 1460 836 agris
1476 741 1650 834 videlicet,
1668 743 1794 834 vineis,
1811 743 1928 837 pratis,

527 863 643 948 silvis,
663 861 782 958 equis,
803 865 949 958 stagnis,
967 865 1122 960 pascuis,
1148 867 1248 938 terris
1275 865 1376 938 cultis
1398 866 1455 938 vel
1481 865 1638 958 incultis,
1666 887 1688 939 a
1713 886 1933 961 quecumque

526 1008 673 1082 persona
686 987 795 1060 libera
812 987 886 1061 sive
903 988 1116 1062 ministeriali
1136 989 1284 1085 imperii,
1303 989 1403 1062 titulo
1419 989 1628 1080 donationis,
1645 989 1841 1086 emptionis,
1859 991 1933 1063 sive

526 1111 719 1183 concambii
745 1110 839 1202 idem
863 1113 1108 1186 monasterium
1138 1111 1183 1185 de
1210 1113 1311 1186 honis
1335 1112 1470 1208 imperii
1499 1113 1575 1186 sive
1599 1111 1645 1186 de
1668 1113 1933 1209 proprietatibus

526 1234 682 1310 fidelium
699 1237 834 1332 imperii
849 1237 1046 1330 obtinuerit,
1066 1259 1135 1312 non
1153 1238 1318 1332 requisito
1336 1259 1442 1333 snper
1458 1237 1525 1310 hoc
1541 1237 1682 1333 speciali
1702 1259 1844 1312 assensu
1861 1239 1931 1310 im-

524 1361 630 1456 perii,
651 1361 792 1434 licenter
808 1361 951 1456 recipiat
967 1371 1001 1435 et
1017 1371 1133 1460 nostre
1149 1362 1337 1454 majestatis
1354 1361 1555 1436 ancoritate
1570 1363 1608 1433 in
1631 1371 1838 1458 perpetuum
1858 1363 1933 1435 sine

524 1485 618 1558 omni
642 1506 784 1580 prorsus
808 1485 1077 1559 contradictione
1090 1487 1206 1580 quieta
1229 1486 1416 1582 possideat.
1436 1488 1480 1561 Ut
1499 1495 1615 1560 autem
1638 1487 1703 1560 hec
1724 1496 1840 1560 nostra
1861 1487 1932 1560 do-

524 1611 617 1682 natio
635 1619 708 1682 rate
729 1619 764 1683 et
781 1610 985 1684 inconvulsa
1002 1611 1037 1682 in
1059 1621 1264 1708 perpetuum
1282 1611 1396 1686 valete
1414 1631 1632 1707 permanere,
1653 1621 1846 1706 presentem
1863 1633 1932 1706 pa-

524 1734 640 1828 ginam
658 1734 788 1808 exinde
807 1735 1034 1830 conscriptam
1052 1735 1157 1830 sigilli
1182 1737 1288 1808 nostri
1310 1737 1522 1832 appensione
1546 1736 1690 1810 lecimus
1711 1735 1929 1808 communiri.

572 1861 682 1952 Hujus
699 1859 749 1932 rei
768 1867 870 1933 testes
890 1868 972 1932 sunt
990 1861 1199 1934 venerahilis
1221 1869 1318 1956 pater
1340 1859 1518 1934 Conradus
1539 1859 1737 1934 Portnensis
1756 1869 1792 1932 et
1811 1861 1932 1933 Sancte

523 1982 645 2056 llnline
658 1983 1044 2080 episcopusApostolice
1057 1985 1159 2058 Sedis
1169 1985 1316 2080 legatus,
1328 1984 1559 2059 Theodericus
1571 1984 1789 2058 Treverensis
1802 1983 1933 2058 archie-

522 2107 699 2203 piscopus,
719 2108 947 2202 Engelhertna
966 2107 1177 2182 Coloniensis
1195 2108 1489 2206 archiepiscopus,
1507 2109 1732 2184 Gehehardus
1750 2108 1933 2205 episcopus

524 2231 570 2306 de
581 2232 727 2306 Bazzow
738 2229 910 2328 (Passan),
921 2231 1082 2305 Sillridns
1095 2233 1279 2328 episcopus
1295 2231 1340 2306 de
1352 2231 1567 2306 Owesburch
1580 2229 1808 2328 (Angsbnrg),
1823 2229 1933 2306 lodo·

522 2355 637 2426 wicus
655 2354 733 2426 dux
749 2355 907 2448 Bavaric,
924 2355 1130 2432 lodewicus
1141 2358 1340 2452 langravius
1357 2358 1558 2452 thuringie,
1569 2356 1748 2430 Conradns
1762 2358 1933 2451 prefectus

522 2477 568 2550 de
582 2477 826 2572 Nurimherch,
844 2479 1041 2554 Gerhnrdns
1054 2503 1172 2556 comas
1188 2482 1233 2558 de
1245 2483 1332 2574 Dite,
1352 2483 1516 2576 magister
1531 2484 1749 2556 hermannus
1765 2481 1811 2556 de
1828 2480 1932 2554 domo

523 2599 750 2695 Thcutonica,
778 2600 986 2677 tnshelmus
1008 2607 1214 2679 marscalcus
1233 2606 1279 2680 de
1299 2606 1497 2701 lustingen,
1517 2605 1698 2679 Helm-icus
1718 2605 1852 2701 dapilar
1870 2625 1933 2678 re-

522 2723 590 2818 gis,
606 2723 807 2821 Ludolphus
825 2727 871 2801 de
887 2727 1089 2822 Allerstede,
1108 2726 1310 2824 lindolphus
1327 2729 1492 2825 pincerna
1509 2729 1680 2826 langravii
1695 2727 1757 2825 (a),
1774 2727 1933 2804 Alhertns

521 2849 688 2943 Smelinc,
708 2849 890 2925 Conradus
914 2853 959 2927 da
977 2852 1181 2946 Steinhaoh,
1200 2853 1336 2927 Ulrions
1349 2856 1396 2928 de
1412 2855 1543 2946 hlaltiz,
1559 2863 1594 2928 at
1614 2853 1674 2926 alii
1694 2855 1930 2949 quamplures.

569 2975 653 3050 Acta
672 2986 754 3050 snnt
767 2975 835 3050 heo
853 2978 891 3050 in
905 2979 1144 3068 Nurimherch,
1166 2983 1257 3052 anno
1283 2979 1329 3054 eb
1344 2980 1582 3055 incarnatione
1598 2977 1736 3052 Domini
1752 2977 1933 3050 millesimo

522 3097 760 3176 ducentesimo
777 3103 917 3192 XXllll,
937 3103 1126 3178 indictione
1138 3105 1214 3198 llll,
1233 3105 1266 3179 X
1282 3105 1450 3180 kalendas
1466 3105 1619 3198 angusti,
1638 3102 1794 3178 feliciter.
1807 3101 1929 3174 Amen.

378 3772 476 3870 aaa..
575 3755 773 3862 Esuriens,
792 3755 1054 3840 Romanorum
1077 3779 1164 3860 rex,
1184 3750 1350 3836 ecclesiis
1377 3750 1609 3861 staingaden
1635 3759 1674 3832 et
1698 3747 1933 3832 Raitenhnoh

522 3912 694 3972 necnon
719 3889 765 3972 G.
791 3888 839 3970 de
864 3885 1032 3971 Crozoch
1057 3884 1160 3968 fideli
1188 3909 1258 3966 sno
1284 3883 1573 3991 extirpationem
1600 3905 1823 3982 nemorum,
1854 3887 1933 3960 tam

523 4021 572 4104 ad
603 4021 706 4130 ipses
737 4020 933 4130 quemad
962 4043 1093 4130 regem
1125 4015 1397 4128 spectantium,
1424 4015 1681 4125 exprobrans,
1701 4010 1933 4122 Angustensi

521 4155 697 4265 episcopo
724 4155 902 4258 mandat,
924 4163 967 4236 nt
990 4177 1058 4262 per
1083 4149 1343 4264 praepositum
1364 4149 1413 4232 de
1436 4147 1632 4257 Moringen
1649 4143 1818 4229 aedificia
1835 4167 1934 4226 nora

520 4289 573 4371 ihi
605 4295 821 4373 constructa
855 4289 1046 4395 destruat,
1075 4287 1143 4396 qui
1175 4285 1308 4386 ambo,
1339 4283 1520 4366 assumtis
1550 4279 1723 4365 officiatis
1752 4277 1854 4388 regis
1885 4277 1934 4358 de

521 4422 696 4532 Scongov
713 4431 750 4505 et
767 4421 915 4525 Bnren,
941 4421 989 4504 de
1011 4445 1128 4503 causa
1153 4424 1406 4528 cognoscant,
1430 4425 1468 4499 et
1494 4439 1652 4498 nemora
1673 4414 1713 4494 in
1736 4410 1933 4494 meliorem

521 4555 709 4636 cantelam
724 4555 976 4640 committant.

562 4763 598 4842 (a)
619 4763 737 4825 Solltoet
750 4760 784 4824 dc
806 4759 924 4840 Varttc,
939 4764 965 4824 al
976 4761 1067 4824 tidem
1078 4761 1270 4824 utlhlhenmus
1283 4760 1448 4840 parenthesi
1461 4773 1540 4837 quaa
1550 4756 1631 4835 opud
1639 4749 1771 4832 Schlegcl
1782 4751 1931 4812 multer.
