4324 5916
540 557 602 619 aaa
1063 558 1233 620 uaunrcr
1258 532 1452 620 serrrur'
1764 555 1844 640 [sn.
1863 555 1948 618 laec.

666 725 701 738 -
713 693 868 754 Memorat.
881 701 911 754 et
923 701 1001 754 extr.
1015 710 1065 772 ap.
1080 695 1242 768 binarum,
1253 692 1338 773 Oper.
1350 688 1498 772 diplomat.
1503 695 1545 765 ,t.
1556 691 1610 764 IV,
1621 707 1651 767 p.
1663 697 1734 764 stc,
1744 697 1775 752 et
1786 707 1835 768 ap.
1843 691 1949 764 Pmrr,

664 797 797 858 Morum.
814 800 909 860 Gema.
922 799 1015 875 Hira,
1029 805 1052 859 l·
1068 799 1122 874 1v,
1137 816 1168 878 p.
1184 808 1255 876 att,
1269 799 1321 860 ubl
1340 805 1457 860 tantum
1477 813 1547 876 paru
1566 797 1735 858 documenti
1747 813 1817 858 cum
1829 797 1951 858 teubas

663 903 777 980 aliquot
789 903 969 984 exhibetur.)

591 1089 630 1160 ln
660 1089 800 1161 nomine
830 1097 948 1162 sancte
973 1097 1008 1160 et
1035 1087 1218 1162 individue
1245 1089 1431 1161 Trinitatis.
1462 1089 1631 1162 Henricus
1662 1087 1781 1162 divina
1818 1089 1951 1160 favente

544 1211 724 1285 elementia
739 1211 970 1284 Romanorum
982 1233 1044 1284 rex
1060 1221 1095 1284 et
1107 1233 1244 1307 semper
1261 1222 1442 1306 augustus.
1458 1215 1589 1308 Neque
1603 1213 1639 1284 iu
1656 1221 1770 1283 nostra
1787 1211 1950 1304 solempni

544 1335 639 1408 curia
653 1344 817 1429 aguntur,
839 1336 937 1430 lapsu
957 1335 1119 1430 temporis
1133 1335 1169 1406 in
1186 1335 1372 1408 oblivionis
1390 1337 1590 1430 scrupulum
1608 1330 1817 1424 relabantur,
1835 1341 1950 1406 notum

543 1457 617 1530 fieri
639 1460 802 1532 volumus
819 1458 996 1530 universis
1021 1440 1164 1531 Romani
1185 1460 1321 1555 imperii
1343 1458 1505 1532 fidelibus
1524 1471 1594 1531 tam
1614 1457 1831 1554 presentibus
1849 1477 1949 1549 qnam

544 1583 669 1654 luturis
694 1583 890 1676 quodcum
917 1583 1006 1656 inter
1031 1583 1196 1655 dilectum
1221 1591 1256 1656 et
1280 1583 1417 1656 fidelem
1443 1584 1635 1678 principem
1660 1590 1813 1654 nostrum
1838 1578 1951 1651 Goda-

545 1705 672 1779 lridum
695 1703 973 1778 cameracensem
992 1706 1194 1801 episcopum
1217 1728 1264 1779 ex
1283 1717 1380 1800 parte
1398 1729 1468 1780 uua
1490 1715 1525 1778 et
1547 1707 1641 1778 cives
1670 1705 1779 1800 ipsius
1802 1701 1950 1798 episcopi

545 1829 798 1902 Cameracensis
814 1849 861 1901 ex
876 1831 982 1902 altera
999 1851 1104 1923 super
1120 1829 1312 1924 privilegiis
1332 1842 1367 1904 et
1389 1831 1526 1925 scriptis
1547 1853 1567 1901 a
1593 1829 1694 1901 nobis
1716 1829 1772 1901 vel
1794 1836 1951 1899 ancers-

545 1953 681 2026 soribns
697 1953 823 2026 nostris
839 1953 981 2047 regibru
998 1954 1055 2026 vel
1074 1953 1338 2047 imperatoribus
1354 1955 1516 2027 Romanis
1531 1955 1576 2026 ab
1600 1963 1744 2048 utraque
1769 1961 1864 2046 parte
1884 1949 1948 2022 ob-

545 2077 668 2162 tentis,
689 2075 735 2150 de
749 2097 916 2150 consensu
934 2077 1085 2171 partium
1106 2077 1218 2148 taliter
1232 2080 1489 2172 compromissio
1506 2087 1597 2151 esset
1618 2079 1707 2150 iacta
1729 2075 1824 2170 quod
1842 2083 1950 2172 partes

546 2200 674 2294 scripta
691 2221 755 2271 sua
775 2200 810 2271 in
828 2200 925 2272 curia
940 2199 1132 2272 Allemanie
1149 2211 1346 2296 presentare
1361 2201 1546 2292 debereut;
1568 2213 1603 2273 et
1622 2223 1703 2273 cum
1722 2199 1871 2271 incuria
1891 2219 1948 2270 sc-

546 2323 718 2397 renissimi
740 2323 904 2416 genitoris
930 2323 1036 2395 nostri
1065 2323 1230 2396 Fridcrici
1257 2325 1319 2397 Dei
1346 2327 1455 2418 gratia
1472 2327 1703 2397 Romanorum
1721 2321 1946 2418 imperatoris,

544 2468 680 2542 semper
703 2447 861 2540 augusti,
889 2447 1077 2538 Jerusalem
1105 2457 1140 2520 et
1166 2447 1281 2520 Sicilie
1302 2448 1415 2541 regis,
1443 2469 1506 2543 per
1530 2448 1734 2521 seutentiam
1761 2445 1949 2540 principum

544 2569 666 2642 luisset
685 2571 904 2665 solempniter
925 2571 1137 2644 declaratum
1163 2571 1258 2666 quod
1282 2561 1424 2646 cassatis
1446 2571 1588 2644 omnino
1612 2570 1802 2666 privilegiis
1828 2569 1951 2642 civium

543 2693 793 2790 predictorum,
817 2694 996 2790 privilegia
1019 2695 1173 2791 episcopi
1200 2697 1236 2766 in
1263 2715 1329 2768 suo
1356 2696 1480 2768 robore
1505 2704 1673 2792 perpetuo
1701 2694 1828 2767 durare
1850 2691 1951 2766 debe·

545 2829 621 2891 rent
637 2817 706 2914 (l);
727 2818 947 2914 postmodnm
977 2841 1057 2891 curn
1086 2819 1132 2893 ad
1158 2819 1355 2892 instantiam
1386 2819 1517 2891 civium
1544 2817 1797 2913 predictorum,
1826 2816 1951 2889 dictum

544 2941 745 3038 episcopum
761 2942 808 3016 ad
828 2943 960 3014 curiam
976 2943 1256 3038 Herbipolensem
1273 2943 1310 3013 in
1327 2943 1459 3016 octavis
1476 2943 1568 3016 beati
1586 2941 1723 3013 Martini
1740 2940 1837 3012 citari
1855 2939 1952 3012 lecis-

545 3085 680 3155 semns,
702 3063 795 3137 dieto
820 3065 983 3160 episcopo
1012 3065 1048 3135 in
1075 3087 1222 3160 persona
1247 3065 1385 3160 propria
1411 3087 1454 3140 ae
1476 3064 1613 3138 civibus
1636 3085 1698 3159 per
1721 3071 1952 3158 procuratores

546 3187 753 3261 sufficienter
780 3187 962 3260 instructos
982 3188 1028 3261 ad
1054 3187 1184 3262 curiam
1207 3188 1318 3283 ipsam
1336 3188 1632 3284 comparentibus,
1653 3197 1784 3260 etcum
1803 3207 1848 3258 ex
1862 3191 1953 3280 parte

546 3309 675 3382 civium
693 3331 714 3382 a
732 3311 1010 3403 procuratoribus
1028 3311 1184 3404 ipsomm
1208 3313 1337 3384 lactum
1359 3333 1463 3384 suum
1484 3318 1728 3406 proponeretur
1746 3318 1845 3381 etex
1861 3315 1954 3402 parte

547 3432 700 3528 episcopi
716 3453 919 3528 responsum
933 3433 1055 3532 luisset
1075 3432 1171 3528 quod
1191 3433 1389 3506 nullatenus
1404 3435 1613 3530 respondere
1632 3433 1811 3508 tenebatur
1826 3431 1951 3506 eisdem

547 3577 612 3628 nec
625 3556 833 3632 advocatum
855 3579 920 3630 nec
936 3558 996 3650 jus
1018 3557 1162 3652 aliquod
1183 3557 1333 3631 incuria
1353 3559 1508 3632 obtinere
1529 3558 1713 3648 debebant,
1738 3580 1819 3630 cum
1842 3556 1952 3628 banno

548 3679 718 3776 imperiali
741 3680 911 3776 suppositi
934 3689 1048 3754 essent
1071 3689 1106 3753 et
1125 3680 1324 3776 proscripti,
1351 3681 1502 3753 maxime
1528 3703 1608 3753 cum
1637 3681 1751 3754 dictus
1776 3679 1952 3774 episcopus

549 3804 585 3874 in
611 3803 707 3878 ouria
730 3813 845 3876 nostra
861 3803 959 3900 apud
980 3805 1180 3877 Tridentum
1200 3803 1252 3899 (2)
1269 3803 1461 3877 secundum
1474 3807 1534 3897 jus
1549 3815 1584 3876 et
1600 3807 1713 3898 legem
1733 3804 1829 3876 curie
1845 3808 1951 3874 nostre

549 3925 759 4000 sufficienter
785 3929 965 4022 probasset
990 3928 1087 4022 quod
1110 3927 1194 4000 dicti
1221 3928 1315 4000 cives
1337 3949 1550 4022 perannum
1574 3937 1609 4000 et
1633 3927 1726 4000 diem
1753 3925 1952 4020 etamplius

549 4051 916 4124 excommunicationis
940 4051 1082 4123 vinculo
1104 4049 1261 4123 innodati
1280 4060 1314 4124 et
1335 4049 1555 4146 postmodum
1579 4051 1696 4124 banno
1713 4048 1881 4144 imperiali
1897 4067 1953 4142 per

550 4175 752 4248 sententiam
767 4173 962 4270 principum
977 4173 1133 4270 percussi
1143 4183 1177 4247 et
1185 4173 1364 4270 proscripti
1374 4174 1530 4264 luissent,
1541 4196 1646 4269 quem
1657 4173 1727 4270 (sic)
1735 4195 1795 4270 per
1805 4171 1951 4266 quinque

551 4320 661 4371 annos
678 4308 713 4370 et
730 4297 879 4392 amplius
898 4297 1148 4390 sustinuerant,
1170 4309 1205 4372 et
1225 4299 1420 4371 satisfacere
1439 4319 1508 4370 non
1532 4307 1725 4388 curassent3
1743 4295 1838 4369 unde
1852 4289 1950 4366 uiobil

586 4571 621 4642 ll)
639 4568 707 4627 Vide
717 4583 799 4642 supra
809 4585 838 4642 p.
851 4569 914 4627 629.

588 4667 624 4740 lt)
644 4665 709 4726 Vide
721 4681 802 4740 supra
814 4681 844 4740 p.
859 4667 922 4723 tto.
