4324 5916
192 618 293 682 lanum.
310 615 372 696 lt]
646 611 842 676 HISTORIA
868 611 1161 676 nlrnottantca
1546 605 1606 669 87⁷

193 761 311 826 nostre
330 751 397 847 ipsi
410 748 583 842 jndicium
601 747 676 823 lieri
690 751 881 824 laceremus
900 759 935 823 et
954 770 1015 845 per
1029 748 1232 824 sententiam
1244 744 1441 842 principum
1456 742 1544 838 quid
1559 742 1605 816 de

193 878 323 950 talibus
350 883 441 948 esset
467 872 665 947 laciendum
691 874 881 948 laceremus
908 873 1087 948 declarari.
1119 872 1205 945 Cum
1232 871 1349 966 itaque
1373 867 1480 942 nichil
1508 867 1606 942 aliud

192 1011 337 1077 restaret
350 1000 417 1074 nisi
428 999 525 1094 quod
546 999 715 1075 sententia
736 1000 992 1097 dampnationis
1009 1008 1127 1074 contra
1145 998 1255 1071 dictos
1271 995 1367 1069 cives
1383 997 1602 1092 perferretur,

193 1127 358 1201 videlicet
384 1123 481 1220 quod
504 1123 682 1220 dampnati
705 1133 820 1198 essent
841 1133 877 1198 et
896 1125 1057 1218 exleges,
1078 1123 1191 1198 dictus
1212 1121 1395 1218 episcopus
1410 1120 1555 1212 injurias
1570 1129 1606 1192 et

194 1251 348 1346 dampna
375 1249 445 1322 eibi
469 1257 503 1322 et
526 1249 670 1322 ecclesie
692 1249 866 1323 multoties
887 1249 981 1322 illata
1006 1270 1075 1322 non
1101 1246 1299 1332 attondens,
1325 1243 1389 1318 sed
1414 1244 1529 1338 potius
1555 1244 1607 1318 cis

192 1375 432 1449 miserabiliter
451 1372 751 1466 condescendens,
768 1373 815 1448 ad
835 1382 1039 1448 nostramet
1059 1373 1254 1469 principum
1275 1391 1317 1443 ac
1337 1369 1482 1442 aliorum
1499 1369 1606 1442 nobi-

192 1500 279 1572 lium
308 1499 444 1594 imperii
468 1499 684 1590 instantiam,
704 1507 745 1572 ut
760 1498 897 1573 rideret
921 1500 952 1572 si
977 1499 1063 1572 lorte
1086 1497 1133 1572 ad
1156 1495 1423 1570 satisfactionem
1439 1494 1603 1586 redirent,

192 1625 359 1697 sustinuit
379 1622 475 1719 quod
498 1623 576 1696 telis
590 1632 627 1694 et
641 1633 712 1696 tam
730 1645 852 1698 severa
870 1624 1037 1698 sententia
1055 1623 1247 1697 differretur
1262 1621 1343 1694 lerri
1359 1628 1477 1694 eontra
1492 1619 1602 1716 ipsos;

194 1749 262 1822 hoc
279 1750 377 1822 salvo
389 1747 485 1843 quod
499 1749 596 1844 prius
609 1769 672 1844 per
686 1747 892 1822 sententiam
908 1748 1106 1844 principum
1129 1769 1171 1820 ac
1188 1746 1333 1820 aliorum
1355 1745 1522 1820 nobilium
1542 1745 1608 1818 luit

193 1874 417 1970 solempniter
441 1875 671 1966 declaratum,
697 1873 794 1969 quod
818 1873 938 1948 dilatio
964 1872 1252 1969 pronuntiationis
1276 1871 1444 1946 sententie
1464 1871 1541 1944 talis
1561 1869 1607 1944 de

189 1999 270 2091 jure
292 1999 389 2071 curie
410 2007 525 2072 nostre
544 1999 619 2072 lieri
637 2007 770 2095 poterat
789 2007 825 2072 et
844 1997 941 2094 quod
962 2001 1096 2071 nullum
1113 1996 1227 2071 eidam
1255 1997 1416 2092 episcopo
1437 1996 1493 2070 rel
1516 2019 1604 2070 sue-

193 2123 321 2196 cessori
348 2144 412 2197 suo
440 2133 557 2220 posset
578 2123 811 2219 prejudicium
839 2145 1019 2218 generare;
1047 2121 1199 2196 maxime
1224 2143 1305 2194 cum
1333 2119 1378 2194 de
1403 2123 1482 2214 jure
1510 2122 1606 2196 curie

193 2256 308 2320 nostre
325 2248 371 2321 ad
393 2245 460 2320 hoc
475 2248 584 2322 simus
603 2248 758 2322 adstricti
777 2249 874 2344 quod
890 2247 1094 2323 sententiam
1109 2249 1182 2341 jam
1198 2247 1347 2340 dictam,
1366 2247 1606 2342 quandocum-

191 2393 263 2468 que
285 2372 331 2446 ab
359 2371 435 2468 ipso
467 2371 628 2468 episcopo
656 2374 713 2446 vel
743 2374 1000 2448 successoribus
1026 2375 1104 2466 ejus
1128 2374 1185 2447 vel
1215 2393 1335 2446 eorum
1365 2381 1457 2445 certo
1484 2372 1606 2446 nuntio

192 2497 360 2570 fuerimus
382 2498 558 2594 requisiti,
582 2500 734 2595 prolerre
761 2497 968 2590 debeamus,
987 2499 1118 2571 nullam
1144 2497 1336 2572 abeodem
1361 2499 1523 2594 episcopo
1549 2499 1607 2571 rel

192 2623 266 2694 suis
287 2623 545 2698 successoribus
566 2623 634 2698 alia
659 2623 863 2720 probatione
882 2623 1048 2718 requisita
1065 2623 1122 2696 vel
1140 2631 1288 2718 recepta.
1314 2623 1386 2695 Hoc
1413 2623 1516 2696 etiam
1542 2621 1607 2695 ad·

188 2749 310 2842 juncto
329 2747 426 2842 quod
448 2748 532 2822 dicti
555 2749 650 2824 cives
673 2749 777 2822 nichil
805 2749 939 2846 possint
960 2748 1098 2822 anobis
1120 2748 1257 2821 interim
1282 2748 1319 2819 in
1346 2768 1465 2821 eorum
1488 2747 1608 2821 subsi-

192 2871 290 2946 dium
319 2873 503 2970 impetrare
528 2875 717 2970 quominus
743 2874 912 2950 sententia
937 2873 1122 2968 jamdicta,
1151 2873 1242 2946 sicut
1267 2873 1502 2968 supradictum
1533 2883 1603 2964 est,

191 2998 396 3093 proteratur.
1085 2997 1089 3004 ’

241 3122 358 3196 Testes
386 3122 448 3218 qui
473 3123 651 3218 prelibatis
682 3123 909 3196 interfuerunt
935 3121 985 3194 hii
1015 3129 1096 3195 sunt
1121 3121 1339 3196 Hermannus
1365 3119 1605 3193 Wirhibibur-

191 3247 308 3341 gensis
333 3248 529 3344 episcopus,
550 3217 712 3322 Sirridus
727 3246 957 3342 Augustensis
972 3246 1169 3344 episcopus,
1191 3299 1201 3318 .
1224 3300 1234 3318 .
1260 3301 1267 3318 .
1286 3245 1508 3318 Tridentinus
1527 3245 1603 3340 cpi-

190 3393 332 3468 scopus,
353 3371 552 3448 Ludovicus
569 3373 711 3447 illustris
730 3371 807 3446 dux
820 3372 978 3466 Bavarie,
998 3373 1167 3446 ilenricus
1181 3371 1469 3468 prothonotarius,
1490 3391 1606 3443 comes

189 3495 391 3570 Ludovicus
417 3498 463 3572 de
481 3497 730 3594 Wintemberg,
752 3498 962 3594 burgravius
981 3499 1158 3572 Conradus
1181 3499 1227 3573 de
1245 3497 1463 3586 Nurimberc‚
1490 3517 1606 3570 comes

190 3621 237 3696 de
261 3623 461 3718 Harhbure,
480 3647 596 3700 oomes
616 3625 662 3702 de
679 3625 830 3716 Castele,
849 3623 1053 3699 Ebehardus
1071 3624 1208 3720 dapifer
1231 3624 1277 3698 de
1298 3623 1483 3720 Walpurc,
1505 3621 1542 3696 C.
1570 3607 1624 3696 et⁴

188 3745 231 3819 Ε.
249 3747 415 3843 pincerne
432 3747 477 3823 de
489 3749 727 3843 Winterstete,
745 3750 845 3824 Dicto
864 3749 910 3824 de
925 3749 1152 3841 Radenburc,
1169 3758 1204 3824 et
1217 3749 1275 3824 alii
1291 3749 1527 3845 quamplures.

240 3872 409 3946 Volumus
427 3873 568 3971 insuper
588 3875 687 3972 quod
705 3873 904 3972 sepedictus
920 3875 1105 3972 episcopus
1123 3875 1179 3947 vel
1197 3875 1272 3968 ejus
1287 3895 1465 3948 successor
1479 3896 1505 3946 u·
1520 3895 1604 3972 pre-

190 3995 299 4068 sentis
321 4005 443 4072 octava
469 4001 685 4076 Pentecostes
704 4000 754 4100 (a)
779 3999 827 4075 ad
850 4022 981 4074 annum
1002 4021 1116 4074 coram
1139 4000 1239 4073 nobis
1259 4010 1474 4096 compareat,
1496 3999 1604 4096 preli·

189 4119 307 4193 batam
323 4121 528 4199 sententiam
543 4127 732 4224 petiturus,
751 4126 800 4200 ita
817 4125 913 4224 quod
932 4125 962 4198 ei
979 4125 1096 4200 medio
1117 4133 1269 4222 tempore
1290 4124 1449 4200 eamdem
1464 4135 1603 4198 sentcn-

190 4244 274 4318 tiam
290 4247 430 4338 exigere
444 4251 605 4344 voluerit,
621 4252 731 4326 libere
745 4252 876 4348 possit:
893 4253 944 4326 sic
959 4260 1074 4326 tamen
1084 4250 1181 4347 quod
1193 4250 1269 4324 dies
1280 4250 1421 4325 terenda
1436 4249 1605 4325 sententie

189 4369 327 4444 civibus
345 4373 413 4446 sub
431 4377 637 4472 competenti
656 4377 768 4476 spatio
784 4376 1010 4474 significetur.

229 4545 267 4625 (a)
286 4548 383 4612 Locus
395 4554 517 4614 omuino
529 4561 683 4633 corruptus
697 4557 730 4616 ln
743 4554 924 4618 chartulario
942 4557 985 4616 lta
1000 4560 1086 4618 tonat
1100 4571 1109 4614 r
1123 4569 1145 4618 a
1152 4553 1297 4636 pruentia
1312 4559 1367 4616 oct.
1381 4549 1489 4634 pendet
1500 4567 1603 4632 urcem

188 4670 279 4821 opion
291 4661 491 4737 conexlmus,
513 4678 608 4742 quum
630 4662 687 4726 hoe
708 4677 789 4726 anuo
807 4661 917 4726 lesmor
939 4662 1126 4724 Pentecosten
1145 4663 1177 4724 ln
1194 4663 1352 4741 septimum
1364 4661 1444 4726 diem
1458 4663 1538 4741 lnull
1554 4664 1603 4724 lu·

190 4763 218 4820 cl
239 4765 302 4823 erit.
