4324 5916
219 608 399 686 sarreria]
671 605 868 669 tltsuouls
894 600 1186 667 ulruollrlllcb.
1571 601 1632 664 8⁷3

219 741 318 824 lensi
335 740 512 838 excultis,
535 740 609 824 hoc
626 739 772 826 addens
789 743 894 851 quod
911 741 1041 824 nullus
1059 739 1282 824 colonorum
1299 737 1418 846 ipsius
1437 747 1635 822 monaste-

218 876 267 958 rii
282 901 411 960 aream
427 876 467 956 in
486 873 615 958 Altorf
628 874 686 958 vel
705 875 745 956 in
763 875 1012 986 Ravensburg
1020 873 1107 984 jure
1124 872 1196 957 fori
1214 872 1406 982 possidere
1423 873 1559 956 voleat.

301 1089 421 1166 (lnedtt.
436 1105 475 1150 ex
488 1089 625 1168 odglnoll
637 1092 669 1150 ln
683 1089 804 1152 archivo
824 1089 996 1170 stuttgart,
1011 1088 1092 1168 qnod
1108 1087 1195 1150 nobls
1215 1086 1376 1148 Kauslerua
1392 1088 1633 1149 communicavit.

341 1197 478 1276 Slglllum
497 1213 641 1274 perquam
663 1197 794 1278 laesum,
816 1215 902 1259 cerae
922 1197 1019 1259 lorino
1039 1198 1226 1258 intermixtae
1247 1197 1440 1274 impressum,
1454 1193 1512 1256 lllts
1535 1197 1636 1256 serlus

342 1302 456 1366 subroil
469 1303 599 1382 flavique
613 1303 719 1366 coloris
733 1304 901 1383 appendet.)
942 1337 948 1346 ·

268 1488 451 1562 Heinricus
466 1490 529 1563 Dei
550 1489 661 1584 gratia
675 1491 908 1564 Romanomm
925 1511 1002 1583 rex,
1018 1511 1154 1585 semper
1168 1497 1349 1583 augustos.
1370 1488 1557 1562 Consuevit
1572 1510 1635 1562 re-

219 1615 309 1710 galis
319 1615 515 1710 benignitas
525 1617 688 1690 ccclesias
701 1617 777 1707 Dei,
786 1627 852 1690 etc.
862 1612 1035 1714 [Sequitur
1047 1615 1125 1688 inde
1138 1617 1178 1688 dc
1192 1617 1289 1688 verto
1303 1615 1349 1688 cd
1364 1617 1635 1710 vertempauctr

219 1751 437 1836 competenter
448 1743 601 1828 motatio,
617 1742 704 1814 ecoe
716 1744 751 1814 ia
762 1743 938 1838 prieitcpio
956 1743 1121 1814 Fridem'ci
1137 1742 1270 1814 secundi
1283 1741 1359 1814 dcto
1372 1741 1463 1836 opud
1485 1741 1633 1832 Ulmum,

221 1866 268 1939 20
286 1867 381 1960 jureii
405 1869 519 1959 ⁴245,
546 1891 650 1963 usquc
678 1865 740 1966 od]
765 1868 936 1943 decimam
961 1869 1145 1964 persolvet.
1171 1868 1328 1941 Preterea
1351 1866 1396 1940 de
1421 1867 1552 1941 colonis
1573 1867 1635 1962 qui

221 1989 343 2085 predia
365 1991 539 2087 sepedicta
557 1992 701 2066 ecclesie
717 1993 917 2087 coluerunt,
940 1993 1124 2066 statuimus
1147 2001 1188 2065 ot
1208 1992 1371 2088 cuiquam
1393 1991 1547 2088 ipscmm
1565 2013 1636 2064 non

221 2114 324 2188 liceat
345 2115 425 2208 jure
453 2115 516 2189 fori
544 2137 660 2190 aream
688 2117 725 2189 in
753 2116 865 2190 Alteri
884 2117 941 2190 vel
964 2117 1001 2188 in
1026 2117 1225 2191 llavssburc
1247 2114 1443 2214 possidere;
1467 2117 1516 2189 ita
1540 2116 1636 2213 quod

221 2248 383 2334 pretextu
400 2241 478 2315 talis
491 2243 716 2338 possessionis
734 2243 808 2338 agri
822 2240 998 2340 sepedicto
1012 2243 1158 2318 ecclesie
1174 2243 1294 2316 inculti
1308 2243 1559 2338 relinquantur,
1570 2264 1635 2316 neo

222 2367 313 2440 inter
336 2367 431 2442 cives
456 2376 491 2440 et
510 2378 717 2443 mercatores
739 2378 895 2463 nostros,
917 2369 997 2444 licet
1021 2368 1179 2464 ejusdem
1204 2369 1349 2444 ecclesie
1369 2368 1440 2442 sint
1457 2368 1632 2462 hemines,

222 2500 438 2586 reputentur.
463 2492 498 2564 Si
518 2513 603 2566 vero
629 2493 755 2589 aliquis
772 2503 1038 2567 memoratorum
1059 2495 1279 2586 colonorum,
1303 2494 1515 2588 agricultura
1538 2503 1638 2589 post-

222 2617 352 2713 posita,
372 2616 419 2690 ad
438 2615 656 2714 supradictos
677 2617 772 2693 cives
789 2641 828 2692 sc
844 2619 1053 2692 transtulerit
1071 2627 1106 2693 et
1121 2641 1237 2692 aream
1250 2619 1331 2712 jure
1346 2619 1412 2692 lori
1430 2617 1562 2691 ibidem
1578 2639 1637 2692 ac·

222 2741 399 2838 qnisierit,
423 2743 453 2816 si
473 2743 562 2818 inira
591 2767 721 2818 annum
752 2745 861 2820 abbas
883 2743 1167 2840 Winegardensis
1194 2745 1310 2840 ipsum
1337 2743 1529 2840 repetierit,
1556 2765 1638 2816 cum

223 2867 328 2964 pleno
353 2870 433 2962 jure
458 2870 657 2945 restituatur
683 2871 811 2946 eidem.
831 2870 887 2946 Ad
912 2874 1012 2966 cujus
1038 2871 1090 2945 rei
1115 2891 1303 2968 perennem
1329 2868 1530 2942 memoriam
1554 2889 1639 2964 pre-

223 3001 355 3064 sentem
372 2992 535 3087 paginam
550 2995 721 3068 conscribi
735 2995 905 3089 jussimus
922 3007 958 3070 et
971 2996 1159 3090 majestatis
1178 3003 1293 3069 nostre
1313 2995 1409 3068 bulla
1426 2993 1635 3088 consignari,

224 3116 321 3210 regia
341 3117 544 3192 anctoritate
571 3119 725 3193 districte
743 3121 970 3218 precipientes
992 3130 1032 3194 nt
1049 3121 1135 3194 nulli
1158 3142 1314 3216 unquam
1338 3139 1484 3216 persons
1505 3117 1638 3190 licitum

225 3243 270 3315 sit
294 3241 386 3317 banc
410 3253 526 3318 nostre
553 3245 823 3319 confirmationis
847 3247 999 3321 divalem
1022 3246 1185 3343 paginam
1205 3246 1411 3340 infringere,
1437 3253 1525 3334 etc,
1545 3251 1584 3315 ut
1602 3243 1640 3315 r'rr

220 3369 423 3462 procedenti
440 3371 529 3464 quod
542 3390 648 3466 cupro
664 3371 796 3443 videsis.

276 3494 393 3567 Testes
417 3494 524 3588 hujus
550 3497 631 3570 lacti
654 3504 736 3568 sunt
751 3497 794 3568 Η.
818 3497 970 3572 marchio
991 3497 1037 3572 de
1054 3495 1191 3591 Baden,
1214 3497 1446 3570 Hartmannns
1463 3515 1580 3568 comes
1595 3491 1641 3568 de

226 3617 452 3709 Wirtinberc,
476 3641 593 3694 comes
616 3621 751 3694 Ulricus
773 3621 818 3695 de
838 3623 980 3711 Ultimo,
1007 3621 1205 3696 liberandus
1224 3622 1359 3719 dapifer
1382 3621 1427 3696 de
1454 3621 1639 3718 Walpnrc,

227 3741 409 3818 Conradus
426 3753 461 3818 et
482 3745 707 3821 Eberhardus
727 3746 891 3842 pincerne
908 3747 953 3821 de
973 3749 1206 3839 Winterstete‚
1225 3749 1325 3822 Dicto
1343 3747 1388 3821 de
1400 3745 1638 3838 Ravensbnrc,

227 3868 425 3944 Burcardus
439 3870 483 3945 de
496 3871 723 3964 Hohenbum,
739 3872 847 3944 etalii
861 3873 1098 3968 quamplures.

275 3995 402 4070 Datum
421 3996 519 4093 apud
533 3997 715 4090 Biberabe,
730 3997 844 4093 pridie
857 3997 1022 4072 kalendas
1035 3998 1165 4095 aprilis,
1184 3995 1370 4072 indictione
1386 3996 1492 4070 Xllll.

443 4319 1426 4336 ffl———ffl-——n———n-ae

284 4599 486 4708 Hannone,
506 4601 768 4686 Romanorum
783 4625 870 4705 rex,
891 4599 1113 4683 mandatae
1135 4598 1222 4709 quis
1239 4598 1467 4706 haeredum,
1484 4625 1643 4686 succes-
1727 4610 1790 4666 *⁹¹¹⁶

1697 4668 1825 4720 auxonam,

230 4759 363 4818 eorum
382 4745 449 4818 aut
460 4735 835 4845 consanguineorum
849 4734 1000 4820 Ottonis
1012 4733 1062 4817 de
1076 4733 1214 4816 Sancto
1233 4731 1393 4820 Martiae
1412 4759 1436 4816 a
1452 4743 1560 4844 patre
1573 4761 1645 4820 suo
1698 4725 1725 4766 ²²
1737 4721 1823 4775 '⁹⁶¹¹‘

311 4870 352 4932 ll.
373 4884 429 4930 aar·
444 4887 466 4930 a
1431 4879 1487 4934 ¹¹⁰
