4324 5916
757 604 1068 686 nnnrrnnanm.
1562 601 1626 664 ane

210 744 272 818 tait
298 741 488 818 entendant
511 761 582 836 que
598 740 624 813 li
641 761 836 836 empereres
861 740 886 812 li
910 740 1024 814 lairoit
1040 741 1129 818 tenir
1149 740 1173 812 li
1193 739 1350 814 roianme
1374 740 1420 815 de
1436 741 1625 815 Jerusalem

211 877 308 944 toute
330 889 368 942 sa
388 867 458 940 vie.
480 866 523 940 lit
539 873 650 960 quent
665 864 690 936 il
706 864 758 938 vit
777 885 847 958 qne
866 864 942 938 ensi
964 864 1065 958 aloil,
1085 864 1116 938 si
1133 863 1215 938 n’en
1237 873 1298 960 pot
1319 865 1400 961 plns
1423 863 1525 955 ieirs;
1548 863 1627 936 ains

211 993 295 1068 saisi
311 991 542 1088 l'emperaour
564 987 636 1064 don
659 988 816 1063 roiaome
843 988 889 1063 de
906 990 1094 1064 Jerusalem
1112 988 1209 1064 etde
1232 997 1310 1062 tons
1332 988 1383 1062 les
1403 988 1498 1062 drnie
1518 987 1564 1062 de
1587 1009 1627 1062 sa

213 1117 295 1192 fille.
323 1114 534 1190 Lendomein
558 1123 635 1186 mut
651 1113 677 1186 li
695 1133 888 1210 empsreres
906 1113 957 1188 lui
974 1123 1011 1188 et
1031 1136 1071 1188 sa
1086 1114 1179 1189 ieme
1193 1123 1228 1188 et
1244 1113 1319 1186 s’en
1341 1113 1397 1186 ala
1418 1121 1493 1185 tent
1506 1133 1578 1207 qne
1602 1112 1627 1184 il

211 1241 323 1316 vinte
338 1242 466 1335 loges,
482 1248 518 1314 et
539 1260 584 1314 ne
605 1235 662 1312 fist
683 1238 839 1312 essevoir
859 1260 899 1312 se
924 1249 1041 1313 muets
1063 1261 1110 1314 eo
1134 1239 1186 1312 roi
1202 1237 1331 1330 Jehan;
1358 1236 1480 1311 dontli
1504 1237 1575 1310 rois
1590 1237 1627 1310 ln

211 1367 323 1440 moult
335 1365 512 1459 desjuglez
524 1372 559 1438 et
570 1371 665 1438 toute
677 1361 779 1438 voiez
794 1363 914 1437 oouvri
930 1384 993 1438 son
1006 1385 1102 1456 eaor,
1119 1371 1154 1438 et
1170 1363 1226 1438 ala
1244 1383 1347 1458 eprez
1360 1370 1396 1435 et
1410 1383 1448 1436 se
1460 1359 1629 1453 hetberga

213 1511 234 1562 a
252 1489 351 1562 Saint
366 1491 511 1579 loreas,
533 1511 582 1561 un
595 1487 704 1562 boore
717 1487 779 1583 qui
797 1497 850 1564 est
864 1510 944 1585 pres
962 1489 1008 1564 de
1029 1489 1157 1584 loges3
1182 1497 1218 1562 et
1234 1486 1375 1561 d’illuee
1395 1487 1450 1560 ala
1474 1487 1573 1560 veoir
1590 1509 1629 1561 sa

214 1612 283 1688 lille
300 1612 511 1710 l'empereris
525 1621 561 1686 et
577 1632 641 1686 son
664 1610 797 1708 gandae
816 1613 1045 1710 l’emporeonr
1061 1613 1124 1708 qui
1140 1613 1251 1687 moult
1267 1612 1291 1685 li
1309 1610 1366 1686 fist
1383 1633 1454 1708 poo
1473 1611 1519 1686 de
1536 1633 1628 1686 sam·

213 1740 328 1830 blent;
346 1747 382 1811 et
396 1736 528 1812 deslors
540 1737 574 1811 le
586 1757 787 1825 oommenee
800 1759 823 1811 a
836 1737 1021 1832 grendoier
1030 1747 1066 1813 et
1076 1739 1207 1834 requist
1219 1759 1266 1812 ao
1281 1738 1445 1831 seignour
1459 1734 1506 1810 de
1517 1737 1630 1810 Seiete

214 1873 250 1939 et
267 1885 307 1938 as
324 1871 441 1936 autres
460 1861 651 1938 chevaliers
669 1862 715 1937 de
731 1861 832 1936 Surio
852 1863 915 1958 qui
933 1883 955 1940 ο
973 1863 1023 1936 lui
1041 1862 1187 1938 estoient
1202 1863 1254 1936 lor
1270 1862 1451 1957 homages,
1471 1869 1505 1935 et
1521 1862 1566 1934 eil
1580 1863 1632 1935 lor

214 1987 368 2063 librent.
383 1989 427 2061 Et
444 1987 497 2062 lor
513 1987 639 2062 envoie
655 2008 678 2062 a
694 1985 784 2061 Aere
799 1986 979 2084 l'evesqoe
995 1987 1041 2063 de
1057 1985 1194 2084 hlelphe
1206 1987 1269 2082 qoi
1286 1995 1386 2075 reeut
1402 1987 1453 2061 les
1466 1986 1631 2082 homeges

215 2112 262 2188 de
283 2121 364 2186 tous
379 2112 431 2185 les
446 2109 568 2184 homes
591 2109 661 2185 dou
680 2109 757 2206 pais
777 2111 841 2206 qui
859 2111 1008 2206 homage
1025 2111 1201 2188 devoient.
1218 2111 1263 2184 Et
1283 2111 1397 2185 iurent
1413 2133 1458 2184 en
1474 2132 1514 2185 se
1535 2132 1631 2186 eom·

217 2237 360 2334 peignie
374 2237 409 2311 le
425 2243 526 2310 eonte
542 2235 683 2308 Benren
701 2235 804 2308 lentii
822 2233 876 2334 (1)
892 2245 929 2310 et
946 2236 979 2310 le
992 2245 1093 2312 oonte
1108 2235 1273 2312 Estienne
1288 2235 1339 2310 du
1354 2234 1495 2326 Cotron,
1517 2257 1540 2310 e
1556 2244 1633 2310 tout

214 2361 260 2434 lll
276 2383 359 2434 oens
376 2359 568 2434 chevaliers
590 2357 640 2432 du
654 2380 762 2454 regne
781 2359 827 2434 de
844 2361 971 2450 Cesile,
990 2370 1025 2436 et
1042 2361 1208 2436 demeare
1221 2359 1343 2435 Oeode
1365 2359 1411 2436 de
1429 2361 1633 2436 hionbeliart

214 2484 329 2560 heillit
340 2485 386 2560 de
401 2487 435 2558 la
455 2493 545 2558 terre
560 2506 604 2558 en
624 2483 695 2558 lien
714 2483 760 2559 de
781 2484 1026 2582 l'empereonr,
1046 2486 1077 2558 si
1096 2505 1230 2560 comme
1250 2485 1275 2557 il
1294 2485 1388 2561 evoit
1406 2494 1480 2560 este
1501 2507 1546 2560 en
1562 2485 1633 2561 lieu

215 2608 266 2684 dn
285 2609 339 2684 roi
358 2609 480 2684 leben.
499 2611 547 2683 La
564 2607 707 2683 eheison
726 2609 899 2706 poonpuoi
915 2610 948 2681 la
966 2608 1089 2704 grigne
1101 2617 1198 2682 soort
1210 2617 1307 2683 entre
1325 2608 1528 2705 l’empereor
1544 2619 1580 2683 et
1601 2610 1634 2684 le

215 2734 268 2809 roi
284 2733 394 2808 lehan
418 2732 570 2808 siluole
591 2755 632 2808 ee
647 2755 718 2830 qne
735 2734 761 2806 li
782 2733 853 2807 rois
876 2735 909 2808 le
932 2732 1115 2808 ehestoioit
1135 2741 1172 2807 et
1195 2733 1369 2830 reprenoit
1389 2741 1465 2831 trop
1487 2743 1636 2810 souvent

215 2868 252 2933 et
267 2858 429 2934 meismes
444 2880 533 2955 poor
545 2858 684 2932 Gaotier
701 2859 735 2934 lo
752 2867 853 2934 eonte
870 2857 916 2933 de
930 2858 1073 2952 Braine,
1090 2858 1124 2933 le
1136 2878 1252 2934 neven
1266 2856 1338 2932 dou
1354 2859 1405 2933 roi
1419 2858 1551 2952 Jehan,
1573 2858 1635 2955 qui

216 2983 313 3060 evoit
327 2992 400 3058 este
424 2981 480 3056 hlz
496 2982 542 3058 de
558 2986 593 3060 la
617 2982 688 3058 lille
708 2983 779 3058 don
800 3005 864 3082 roy
881 2985 1028 3072 Tenere,
1053 2983 1139 3058 dont
1159 3005 1249 3065 nous
1264 3004 1374 3058 avons
1396 2984 1493 3080 perle
1509 3005 1554 3058 an
1577 3007 1633 3059 ar-

217 3108 323 3200 riere;
344 3107 391 3182 de
410 3108 494 3204 quoi
510 3130 557 3183 on
573 3107 630 3182 fist
644 3109 776 3184 aeroire
793 3131 816 3184 e
832 3108 1035 3205 l’emporaor
1055 3129 1125 3204 qne
1147 3109 1171 3182 il
1188 3108 1282 3183 beoit
1299 3131 1345 3183 eo
1361 3129 1469 3206 regne
1484 3109 1584 3183 avoir
1601 3117 1637 3183 et

216 3251 288 3328 que
305 3233 331 3305 il
343 3241 379 3306 et
392 3253 456 3306 son
470 3233 570 3308 oncle
584 3234 765 3309 etraioient
779 3241 897 3328 genta
915 3255 992 3307 eus.
1012 3235 1103 3308 Dont
1119 3234 1145 3306 li
1159 3254 1352 3330 empereres
1370 3233 1408 3307 ln
1422 3255 1445 3310 e
1457 3257 1498 3309 ee
1516 3255 1637 3310 menen

216 3378 288 3452 que
300 3357 326 3429 il
344 3355 396 3432 les
411 3355 532 3431 devoit
547 3357 633 3433 faire
645 3357 796 3456 prendre
809 3367 844 3432 et
857 3357 969 3432 oeirrs
981 3359 1014 3433 le
1033 3367 1132 3433 conte
1148 3357 1287 3435 Gentier
1298 3357 1365 3460 (2).
1379 3359 1418 3434 Li
1430 3359 1500 3434 mis
1510 3359 1637 3435 Jehans

217 3482 280 3577 qni
298 3482 399 3556 estoit
417 3503 439 3556 a
454 3483 590 3558 Berlete
614 3492 668 3558 sot
689 3481 863 3581 l'emprise
884 3481 930 3558 de
946 3483 1176 3581 l'emperaour
1196 3493 1233 3560 et
1255 3486 1294 3559 lu
1318 3485 1430 3559 moult
1451 3485 1634 3582 entrepris‚

255 3785 293 3861 (1)
310 3787 347 3848 cs
358 3788 483 3864 seignem
496 3789 531 3848 de
541 3789 568 3849 la
579 3788 678 3848 rumille
691 3789 794 3850 emate
805 3790 877 3850 n’est
890 3791 967 3867 point
980 3790 1136 3850 mentionne
1146 3790 1214 3851 dans
1225 3791 1265 3850 les
1279 3795 1369 3852 autres
1380 3795 1467 3852 tentes
1479 3795 1638 3868 contempo-

218 3883 307 3957 rains3
319 3885 453 3960 pentetre
466 3887 577 3962 sagit-il
587 3887 622 3945 de
634 3889 749 3947 berardo
759 3887 883 3966 Gentio,
898 3894 987 3948 eomte
1000 3888 1035 3948 de
1047 3889 1138 3948 Nardo
1150 3887 1335 3964 (litt-titi).

254 3986 293 4058 (2)
312 3984 465 4044 Sellmbene
484 3986 522 4044 de
538 3986 655 4059 hdemo,
668 3987 786 4046 όοιιιιιιίιι
797 3987 834 4046 du
847 3993 949 4063 temps,
963 3988 1030 4046 dont
1042 3987 1069 4044 le
1080 3987 1228 4062 ebroniqm
1246 3986 1347 4046 inedito
1365 3993 1409 4046 eet
1423 3985 1635 4046 conserveehla

217 4081 403 4156 bibliotheque
419 4083 457 4142 du
468 4083 582 4144 Vallem
599 4084 642 4160 (ιιο
654 4087 744 4158 7260),
762 4093 890 4162 repperio
907 4084 924 4144 e
942 4102 975 4146 oe
991 4101 1093 4162 propos
1107 4086 1256 4146 l'eneedote
1272 4086 1415 4146 salvante:
1431 4084 1578 4156 «Quadam
1589 4085 1634 4144 die

220 4180 280 4257 [rex
295 4179 441 4258 lohannes]
462 4181 530 4242 ireto
547 4181 636 4242 animo
654 4189 683 4241 st
701 4184 790 4242 tronto
806 4200 905 4258 rugosa
921 4185 949 4242 in
970 4184 1063 4260 gellieo
1081 4201 1131 4243 suo
1149 4184 1293 4260 appellavit
1310 4184 1498 4260 imperatorem
1516 4181 1635 4241 beneorte'

216 4277 322 4350 filiam,
336 4293 388 4353 pre
396 4293 429 4336 eo
443 4279 515 4353 qnod
528 4279 735 4339 Guenterottnm
750 4281 976 4354 eonsenguineum
989 4297 1069 4339 suum
1080 4281 1187 4340 volebat
1195 4281 1331 4354 oeeidere;
1340 4287 1369 4338 et
1379 4280 1441 4355 quie
1454 4295 1517 4337 eum
1527 4294 1632 4338 veneno

217 4390 274 4434 non
285 4381 406 4450 poterat,
417 4391 480 4434 oum
491 4375 578 4450 gladio
591 4377 708 4436 debehat
715 4377 789 4436 lerini
796 4419 805 4448 ,
813 4379 920 4453 quando
932 4393 995 4436 oum
1006 4379 1166 4453 imperatore
1174 4378 1209 4436 ed
1221 4378 1315 4436 ludum
1327 4379 1502 4437 seeoebornm
1513 4377 1628 4438 sederet.

217 4471 342 4531 Timebat
351 4473 424 4531 enim
433 4474 621 4550 imperatorne
631 4476 738 4550 quando
747 4475 835 4550 aliquo
844 4493 911 4534 ease
921 4492 1033 4551 regnum
1043 4477 1292 4551 ierosolymitanum
1300 4476 1485 4536 devolveretur
1493 4476 1528 4535 ed
1535 4478 1628 4536 istum.

218 4569 298 4639 Quod
311 4586 401 4644 regem
411 4571 561 4630 iohannem
574 4589 629 4631 non
644 4573 734 4647 latuit,
749 4575 796 4649 qui
809 4573 858 4632 ivit
870 4580 898 4632 et
909 4575 1013 4648 aceepit
1025 4581 1150 4648 nepotem
1162 4591 1213 4650 per
1224 4575 1366 4633 hreehium
1377 4576 1425 4650 qui
1437 4591 1500 4635 orm
1511 4576 1630 4651 impera·

219 4673 280 4726 tore
293 4667 417 4742 ludohet,
433 4675 461 4728 et
472 4671 573 4730 emovit
582 4685 646 4730 enm
658 4687 676 4730 a
688 4671 751 4730 lodo
762 4678 791 4731 et
803 4672 900 4731 aeriter
910 4673 1098 4748 imperatorem
1111 4673 1261 4748 rederent,
1276 4674 1389 4733 dioendo
1407 4673 1435 4731 in
1453 4673 1548 4749 galileo
1558 4691 1626 4734 sno:

219 4767 241 4842 fi
253 4765 285 4824 de
298 4765 371 4826 δοσιν
382 4766 501 4840 diobol&
510 4777 539 4828 et
550 4770 638 4830 innuit
650 4771 794 4847 imperator
804 4787 855 4831 nee
867 4787 948 4832 ansus
960 4772 1012 4831 luit
1024 4771 1114 4831 dieere
1124 4772 1416 4847 quinquennalem.
1426 4773 1449 4846 1,
1458 4790 1486 4849 p.
1496 4777 1586 4846 t,not.
1597 4777 1623 4830 t.
1655 4745 1661 4772 ¹
