4324 5916
210 635 314 697 lrnrcr.
332 629 393 714 14]
663 624 862 687 HISTORIA
885 623 1177 687 nlrnomurlcu

261 773 389 844 Datum
406 761 597 860 llerbipoli,
617 761 691 835 Vll⁰
709 760 791 835 idus
807 761 1028 858 septembris,
1048 761 1236 836 indictione
1250 758 1355 831 Xllll¹
1372 754 1438 854 (l).

268 1351 487 1435 Asoendens
499 1349 590 1432 inde
603 1347 873 1432 Frenkenuord
890 1347 941 1432 nd
957 1347 1193 1458 colloquium
1210 1347 1312 1457 regis
1326 1347 1535 1454 [lleinrieus
1550 1349 1629 1434 Go-
1659 1374 1825 1474 {5²32ng

212 1486 408 1592 leniensisl
421 1483 582 1592 electus,
598 1509 736 1592 corpus
749 1482 928 1594 martyris
941 1482 1092 1567 duobus
1109 1482 1311 1566 abbatibus
1325 1483 1469 1567 ordinis
1485 1485 1630 1569 Cister-
1698 1485 1793 1528 Μ’·

215 1621 352 1705 ciensis
365 1619 614 1702 deferendum
627 1617 884 1702 commisit...
903 1617 1076 1730 Cumque
1083 1627 1366 1729 praesentatum
1380 1627 1478 1702 esset
1490 1645 1629 1730 corpus

216 1755 392 1839 Heinrico
404 1753 486 1865 regi
504 1763 619 1864 etque
640 1751 963 1863 principibus‚....
984 1779 1051 1835 rex
1072 1779 1182 1864 puer,
1199 1763 1244 1836 ut
1259 1753 1391 1863 lugere
1413 1753 1509 1837 solet
1525 1753 1627 1837 filius

216 1901 366 2001 patrem
384 1897 422 1971 et
438 1913 533 2000 puer
548 1896 713 1972 tutorem
732 1912 867 1994 suum,
888 1887 1095 1970 extinctum
1112 1885 1260 1998 planxit
1277 1888 1509 1998 episcopum.
1526 1889 1629 1974 Pro-

216 2024 460 2135 scriptionem
474 2047 564 2107 vero
577 2020 755 2106 Friderioi
768 2021 808 2104 in
822 2019 960 2104 celebri
977 2011 1164 2105 conventu
1177 2019 1471 2134 Norinbergensi
1489 2023 1630 2106 fectum

216 2158 431 2266 renovavit,
451 2154 631 2242 omnihus
648 2155 683 2240 ei
702 2153 928 2265 abjudicatis
945 2164 1025 2240 tem
1044 2154 1195 2241 allodiis
1213 2183 1329 2268 quem
1348 2157 1485 2242 feudis.
1503 2159 1632 2245 Fende

217 2291 338 2376 libere
355 2289 572 2401 adjudicate
585 2295 676 2372 sunt
692 2287 859 2373 dominis
877 2288 975 2394 suis,
998 2289 1138 2374 allodia
1151 2291 1351 2400 proximis,
1365 2292 1630 2377 ministeriales

218 2435 257 2509 et
273 2424 450 2508 homines
468 2449 491 2507 e
500 2422 717 2534 juramento
731 2422 766 2506 ci
779 2423 957 2533 praestito
971 2423 1150 2507 absoluti.
1161 2423 1262 2508 Uxor
1275 2424 1357 2535 ejus
1370 2425 1505 2534 vidua,
1520 2427 1630 2511 liberi

221 2558 305 2670 ejus
318 2557 482 2668 orphani
496 2566 586 2642 sunt
594 2555 755 2668 judicati
765 2556 841 2670 (2).
855 2556 1164 2642 emsflusmm.
1180 2559 1259 2642 cito
1271 2561 1425 2669 depelli.
1439 2586 1501 2671 ep.
1514 2561 1635 2646 Boen-

219 2721 314 2802 unn,
327 2700 478 2798 Fontes,
494 2693 547 2800 ll,
562 2694 657 2776 521.

257 3010 294 3088 (t)
312 3011 403 3082 Quum
414 3016 505 3070 temen
525 3016 553 3070 et
573 3011 649 3070 locus
667 3016 696 3068 et
716 3011 826 3069 testium
839 3011 947 3070 nomina
963 3011 1128 3069 ructatione
1146 3009 1200 3069 diei
1220 3017 1249 3069 et
1266 3012 1367 3070 mensis
1387 3011 1425 3069 ibi
1444 3028 1631 3088 expressorum

219 3109 394 3182 abhorreant,
406 3126 491 3184 quum
503 3117 643 3186 practerea
661 3108 767 3184 regines
784 3109 906 3184 conjugis
922 3125 987 3168 sune
1006 3109 1170 3168 mentionem
1192 3126 1241 3168 rex
1254 3125 1327 3167 nunc
1347 3109 1434 3184 primu
1454 3111 1513 3168 rice
1532 3113 1629 3184 iaciat,

219 3223 332 3266 necesse
346 3208 398 3266 init
410 3213 443 3266 ut
456 3213 519 3283 post
537 3208 701 3268 celebratum
724 3206 924 3266 matrimonium
944 3206 1017 3266 istum
1033 3206 1202 3282 privilegium
1223 3222 1425 3283 reponeremus.
1446 3209 1504 3267 lloc
1523 3209 1547 3268 si
1568 3210 1631 3285 quis

219 3305 371 3380 admiserit,
383 3305 460 3366 leoile
473 3307 500 3364 in
512 3313 633 3366 nostram
644 3307 786 3366 lectionem
800 3307 851 3364 Vll
868 3305 930 3364 idm
941 3305 1087 3364 &umbrie
1098 3311 1201 3380 uertet,
1215 3322 1277 3366 cum
1290 3307 1364 3366 locus
1376 3307 1528 3382 llerbipolis
1541 3308 1629 3369 itineri

219 3403 290 3478 regis
302 3419 318 3462 e
330 3405 499 3479 Nnremberg
507 3420 603 3464 versus
615 3403 755 3463 Frnnlriort
767 3403 905 3463 redeuntis
917 3405 1039 3479 apprime
1054 3419 1085 3462 se
1098 3404 1289 3464 accommodet.

256 3501 294 3575 (2)
313 3501 417 3560 Deinde
429 3501 648 3578 archiepiscopus
657 3519 675 3562 a
685 3517 749 3577 rege
761 3501 913 3561 infeudatus
927 3503 1089 3577 llogmtinm
1099 3503 1252 3576 descendit,
1265 3503 1314 3562 ubi
1328 3503 1468 3564 conradus
1478 3505 1632 3566 Portuensin

218 3599 363 3676 epiecopus
373 3605 403 3658 et
414 3601 491 3660 Sedis
503 3600 671 3678 spostolicae
681 3601 784 3674 legatus
796 3615 813 3660 e
827 3599 872 3660 die
881 3599 1020 3660 Adventus
1032 3601 1139 3660 Domini
1152 3602 1197 3678 (3ο
1207 3601 1347 3677 novemb.)
1359 3602 1501 3662 concilium
1512 3604 1632 3666 cusum·

220 3693 277 3756 bae.
291 3695 323 3754 ln
337 3711 392 3772 quo
411 3695 563 3756 fridericus
576 3697 611 3756 dc
626 3697 758 3772 isenburg
771 3697 852 3756 etiam
866 3696 998 3772 spirituali
1010 3697 1096 3773 gladio
1107 3699 1219 3774 punitus
1229 3705 1282 3772 eet;
1298 3698 1345 3773 qui
1358 3699 1467 3774 quidem
1482 3717 1533 3775 per
1546 3707 1633 3762 totum

219 3805 321 3851 mnnm
342 3791 525 3868 errabundus,
540 3795 649 3854 tandem
668 3797 695 3853 in
717 3795 813 3854 habitu
834 3795 991 3854 mereatoris
1008 3812 1094 3872 prope
1115 3797 1223 3872 Hoyum
1240 3797 1364 3855 detectus
1383 3804 1411 3856 et
1430 3797 1633 3858 Coloniensibus

222 3891 350 3966 traditus,
362 3893 440 3953 rotuli
460 3893 594 3969 supplicio
608 3894 750 3954 scelestam
763 3893 880 3952 enimam
891 3893 1005 3966 efflavit,
1020 3910 1053 3952 eo
1066 3895 1111 3953 die
1123 3911 1177 3970 quo
1189 3895 1275 3955 fueret
1286 3895 1418 3972 superiori
1432 3912 1503 3956 anno
1516 3898 1633 3970 primum

223 3989 379 4066 lingelberti
399 3992 581 4068 septenarium
599 3992 766 4052 celebratum
784 3992 828 4068 (rt
846 3992 973 4052 novemb.
989 3994 1084 4061 ⁴226).
1098 3992 1138 4050 Gi.
1154 3993 1237 4054 Cres.
1252 3995 1414 4066 Heurnnn,
1426 3993 1510 4066 ibid,
1523 4009 1552 4070 p.
1568 3997 1632 4068 em,

224 4091 287 4149 328.
301 4118 339 4133 -
351 4088 476 4152 denen.
491 4090 607 4164 comm,
621 4089 705 4163 ibid,
719 4105 749 4166 p.
767 4091 829 4162 ³59,
846 4089 1081 4148 eom-limum.
1093 4089 1193 4165 Lucu,
1207 4091 1291 4166 totu,
1303 4111 1332 4168 p.
1349 4095 1411 4152 387.
1422 4123 1457 4136 —
1470 4093 1592 4152 morsu
1606 4098 1635 4152 et

221 4185 383 4250 lucem
391 4205 438 4266 ep.
450 4189 541 4264 lluec,
554 4191 636 4251 Scor.
650 4191 739 4266 antip
749 4205 884 4262 monum,
897 4193 919 4247 t.
931 4189 958 4261 l,
968 4204 997 4264 p.
1011 4187 1062 4246 486
1074 4192 1103 4247 et
1112 4203 1189 4264 seqq.
