4326 5910
187 584 286 648 lenm.
305 584 368 662 le]
645 581 841 645 HISTORIA
865 580 1157 644 ntrnortanrco.
1541 577 1602 642 8³9

187 723 384 813 ronlluunt3
404 718 555 815 ideoque
567 741 707 796 neeesse
720 731 774 796 est
790 730 830 794 ut
847 741 992 816 magnos
1008 719 1103 794 viros
1126 719 1173 794 ed
1196 727 1310 816 partes
1328 719 1405 792 illas
1423 716 1602 792 destinetis

187 847 249 943 qni
266 847 376 922 multa
395 844 529 942 possint
543 845 755 943 expendam,
770 855 810 920 nt
823 847 874 920 ibi
891 854 1068 924 morentur
1085 843 1196 920 donee
1210 845 1350 941 negotia
1363 852 1480 922 vestra
1496 841 1601 940 perli-

188 971 342 1058 eiantnr3
361 979 397 1046 st
418 971 448 1046 si
471 971 649 1046 volueritis
676 970 773 1068 qnod
796 992 862 1046 nos
888 993 949 1068 per
980 978 1114 1046 tantum
1143 978 1282 1068 tempus
1308 991 1440 1044 moram
1468 969 1600 1044 ibidem

186 1097 374 1187 fasianus,
402 1117 545 1172 neeesse
572 1097 742 1173 habemns
766 1107 807 1172 ut
829 1097 989 1174 denarios
1018 1097 1120 1172 nobis
1140 1096 1376 1172 transmittatis
1395 1123 1405 1169 ι
1424 1095 1521 1192 quod
1537 1117 1600 1193 per

186 1223 375 1298 Henrienm
393 1222 440 1298 rls
455 1225 581 1297 Sanmo
597 1220 733 1298 Albano
754 1225 812 1299 uel
833 1224 1024 1299 iohannem
1047 1223 1093 1298 de
1114 1222 1257 1321 Lybum
1281 1223 1482 1298 benefacere
1501 1230 1600 1320 pote·

187 1349 274 1421 ritis.
294 1348 364 1445 lpsi
388 1348 481 1422 enim
505 1349 583 1422 illos
603 1350 704 1424 nobis
729 1351 820 1425 bene
838 1350 966 1424 habere
987 1349 1126 1424 facient.
1147 1349 1304 1424 Preterea
1328 1349 1358 1424 si
1384 1349 1468 1423 socii
1492 1347 1599 1422 nostri

186 1473 370 1564 recedent,
394 1474 674 1548 nonnullatenus
697 1475 762 1549 soli
784 1475 821 1547 in
842 1475 998 1572 partibus
1021 1475 1089 1548 illis
1112 1474 1367 1550 remanebimus
1391 1474 1438 1550 ud
1462 1473 1600 1572 negotia

187 1601 245 1673 illa
258 1597 547 1676 oonsummanda.
564 1600 685 1676 Valeat
697 1600 901 1678 excellentia
917 1608 1035 1678 vestra
1054 1601 1091 1676 in
1107 1601 1267 1676 Domino.

238 2196 444 2305 eenricus,
470 2197 731 2282 Romanorum
758 2221 844 2302 rex,
864 2205 998 2280 notum
1024 2193 1114 2280 facit
1134 2195 1174 2278 in
1193 2193 1298 2278 ouria
1316 2220 1386 2278 sue
1401 2219 1471 2306 pro
1489 2193 1600 2278 Hen—
1655 2208 1770 2318 stiffi,

184 2330 263 2416 rino
294 2329 509 2416 Brixinensi
541 2332 659 2416 eleeto
691 2331 960 2414 sententiatum
992 2329 1108 2414 luisse
1139 2329 1245 2441 quod
1275 2328 1601 2414 exeommunicnto
1650 2318 1677 2360 ²⁴
1690 2319 1774 2374 ‘'¹¹¹'‘

184 2464 343 2548 feudum
365 2489 478 2550 suum
496 2490 637 2576 negare
654 2464 795 2573 possit,
821 2475 859 2548 et
883 2464 1129 2550 alienationes
1146 2463 1338 2548 bonorum
1365 2462 1603 2574 episcopatus

184 2598 332 2712 absque
344 2599 494 2711 imperii
511 2609 550 2684 et
566 2598 721 2710 capituli
740 2625 899 2684 assensu
920 2599 1040 2682 lactes
1058 2597 1157 2682 licite
1174 2625 1351 2685 rovocare
1368 2598 1516 2684 debeat.

265 2818 397 2894 (Edlder.
414 2836 454 2880 ns
475 2819 645 2893 Heumann,
670 2817 779 2879 Hister.
800 2813 904 2896 Tirol„
919 2823 942 2879 t.
958 2819 984 2894 1,
1003 2833 1072 2897 pnrs
1086 2827 1120 2893 2,
1136 2833 1165 2898 p.
1187 2825 1258 2878 2¹18.
1276 2847 1318 2864 -
1336 2816 1597 2896 hermitorium.

308 2923 404 2990 Germ.
421 2927 512 3004 net,
527 2925 657 3006 t.1v‚p.
676 2925 759 3003 25⁴.)

230 3115 412 3191 Heinriuus
434 3115 497 3188 Dei
521 3115 631 3210 gratia
655 3116 887 3190 llomanomm
912 3137 976 3188 rex
997 3123 1032 3190 et
1053 3135 1190 3211 semper
1212 3123 1401 3210 augustus,
1425 3114 1599 3189 universis

182 3241 319 3336 imperii
336 3239 500 3314 fidelibus
517 3241 645 3336 quibus
661 3241 728 3316 hee
745 3242 844 3316 litere
862 3252 998 3314 ostense
1013 3240 1142 3314 luerint
1158 3239 1302 3335 gratiam
1321 3261 1421 3314 snam
1444 3249 1479 3314 et
1497 3262 1600 3316 omne

182 3367 328 3442 bonnm.
359 3364 600 3463 Signilioamus
623 3367 723 3442 vobis
740 3366 838 3462 quod
866 3389 946 3440 enm
971 3366 1117 3441 dilectus
1142 3366 1305 3464 princeps
1326 3375 1443 3442 noster
1468 3369 1510 3440 H.
1535 3390 1598 3442 ve-

181 3492 347 3568 nerabilis
367 3493 585 3568 Brixinensis
601 3493 732 3568 elnotus
759 3515 876 3570 eoram
896 3493 996 3602 nobis
1020 3492 1228 3568 constitutus
1252 3493 1442 3588 requireret
1463 3494 1500 3566 in
1519 3515 1597 3568 sen·

182 3619 290 3694 tentia
305 3620 336 3694 si
352 3619 428 3717 ipse
446 3619 504 3694 vel
522 3619 609 3693 alter
625 3619 786 3717 princeps
799 3630 862 3696 ant
881 3620 1065 3718 episeopus
1083 3619 1381 3696 exeommunicato
1401 3619 1599 3715 cuicunque

181 3742 328 3820 seudum
357 3767 483 3838 snum,
505 3744 674 3841 quamdin
692 3745 730 3818 in
748 3745 1106 3822 exeommunicatione
1129 3744 1374 3841 permanserit,
1406 3744 1596 3822 concedere

182 3868 316 3964 debeat,
328 3871 385 3944 vel
409 3893 555 3967 negare,
579 3880 615 3946 et
636 3891 657 3946 a
674 3870 889 3968 principibus
907 3880 941 3944 et
957 3869 1179 3966 magnatibus
1199 3867 1335 3966 imperii
1356 3869 1595 3964 adjudicatum

182 4007 217 4072 et
242 3996 487 4072 sententiatum
512 3997 627 4072 extitit
654 3995 770 4070 eidem
795 3997 892 4093 quod
919 3996 1108 4092 unicnique
1128 3995 1428 4072 excommunicato
1450 3996 1595 4072 lendum

182 4144 286 4196 sunm
307 4144 435 4219 negare
456 4131 491 4197 et
512 4121 666 4198 detinere
685 4123 793 4219 possit
816 4122 935 4196 debita
951 4121 1094 4214 ratione.
1118 4119 1175 4196 Ad
1189 4121 1255 4198 heo
1281 4143 1397 4196 eoram
1415 4122 1515 4196 nobis
1534 4145 1596 4218 per

182 4249 388 4327 sententiam
415 4247 530 4326 extitit
553 4247 792 4342 adjudicatum
812 4247 909 4344 quod
930 4249 1110 4324 universas
1131 4248 1358 4345 obligationes
1386 4248 1593 4344 pignorum,

182 4377 420 4450 oonoessiones
446 4375 631 4450 feudorum
658 4397 721 4452 seu
750 4397 978 4473 quascunque
1001 4375 1223 4452 alienationoe
1244 4375 1437 4470 bonorum,
1461 4374 1596 4473 episco-

182 4511 282 4598 patus
304 4503 515 4577 Brixinensis
534 4502 745 4600 specialiter,
763 4503 895 4600 absque
912 4510 1028 4584 nostro
1052 4510 1088 4579 et
1104 4501 1240 4600 imperii
1262 4523 1304 4574 ao
1324 4501 1428 4574 etiam
1451 4500 1594 4598 capituli

183 4629 237 4702 sui
263 4649 430 4704 eonsensu
461 4638 496 4704 et
521 4651 666 4702 assensu
694 4629 817 4720 lectas,
845 4627 935 4700 licite
958 4627 1066 4723 possit
1093 4636 1127 4701 et
1150 4626 1275 4701 debeat
1298 4648 1474 4701 revocare.
1496 4627 1595 4714 Qua-

183 4765 320 4852 propter
340 4753 545 4830 mandamns
570 4777 631 4852 per
658 4754 802 4850 gratiam
824 4763 977 4828 nostram
997 4753 1140 4829 firmiter
1164 4752 1393 4850 precipientes
1417 4763 1458 4828 ut
1480 4756 1596 4828 nullus
