4330 5914
524 613 586 678 756
1050 621 1221 684 llENlilGl
1246 619 1414 684 stitivit
1753 619 1835 699 [aar.
1853 617 1943 682 1223.

611 771 711 848 (i'did.
722 771 928 850 scaenarum,
942 771 1038 838 adar.
1053 773 1183 856 ᾱὶρὶοηι,
1196 779 1223 858 i,
1234 787 1303 850 aso,
1317 793 1380 838 non
1392 781 1491 837 nmen
1503 775 1626 853 integre,
1641 773 1712 836 ileei
1723 791 1763 837 ex
1774 773 1943 855 apographo

651 879 790 942 wimadi
807 881 940 946 Tabern.
951 883 1175 964 deprompserit.
1189 885 1307 948 Adsunt
1323 883 1385 946 duo
1396 881 1455 944 niin
1467 881 1692 960 eompoaltlonls
1708 881 1881 961 hui-odi
1892 887 1945 943 aut

649 1003 756 1065 parum
768 987 919 1050 dissimile
937 991 1134 1055 lustrumuta
1148 1011 1158 1055 r
1173 1009 1268 1056 unum
1280 994 1375 1070 prins.
1390 990 1503 1052 uideat
1514 1005 1534 1050 a
1545 988 1728 1051 iimbaoenai
1740 995 1771 1050 et
1783 988 1944 1050 Nueubur-

649 1095 733 1170 gend
746 1093 903 1156 abbatibus
920 1101 951 1156 et
964 1097 996 1158 S.
1011 1099 1119 1160 onmlte
1138 1099 1177 1161 de
1189 1099 1303 1162 Werda
1313 1097 1478 1170 redactum,
1493 1111 1565 1158 aun.
1583 1103 1673 1168 itti,
1688 1095 1791 1156 lndlot.
1812 1093 1874 1170 lx,
1888 1111 1944 1156 oe-

648 1205 719 1262 tavo
731 1201 794 1264 kal.
809 1203 982 1280 septembris
1003 1201 1063 1284 (ης
1080 1205 1205 1268 alterurn
1220 1221 1291 1266 vero
1304 1205 1467 1284 posterius,
1481 1201 1624 1264 sciliceta
1643 1201 1779 1264 Conrado
1790 1203 1945 1263 Portumri

652 1313 683 1369 et
695 1306 801 1370 Sancte
813 1309 922 1372 Rudne
935 1312 1082 1390 episeopo,
1092 1317 1165 1374 tuno
1177 1313 1338 1390 apostoliea
1347 1309 1432 1373 Sedis
1444 1311 1476 1370 ln
1490 1309 1648 1372 Germania
1657 1310 1766 1389 legato,
1774 1325 1846 1370 anu.
1855 1317 1943 1372 itti.

650 1413 752 1496 (ibid,
762 1433 794 1495 p.
804 1425 860 1478 tii
875 1423 906 1478 et
920 1417 1002 1494 asi.)
1011 1419 1071 1481 llos
1083 1436 1154 1481 vero
1166 1437 1226 1481 non
1241 1425 1311 1481 ante
1324 1419 1423 1480 deelsa
1435 1415 1592 1479 dllilnltlve
1604 1416 1663 1478 iuli
1675 1433 1765 1496 qnam
1778 1417 1945 1478 Friderleur

647 1525 711 1602 lpse
731 1540 799 1585 cunr
820 1525 958 1605 episeopo
979 1527 1063 1588 litem
1084 1529 1298 1590 terminaverit.
1317 1525 1390 1590 Vid.
1410 1525 1544 1600 dueum,
1558 1523 1621 1587 dat.
1640 1524 1819 1604 Argentine,
1843 1537 1945 1586 meme

647 1635 754 1694 marlia
769 1631 869 1710 itta.)

574 1819 647 1892 fleo
673 1828 726 1892 est
750 1819 860 1926 iorma
885 1819 1143 1918 onmpositionis
1168 1821 1256 1894 lacte
1274 1819 1363 1894 inter
1379 1817 1558 1894 dominum
1576 1839 1694 1914 regem
1720 1827 1756 1891 et
1781 1815 1943 1912 Argenti·

525 1967 667 2020 nensem
684 1945 831 2018 electum
853 1967 957 2042 super
979 1945 1234 2040 discordiaque
1254 1967 1317 2043 pro
1333 1941 1545 2040 quibusdam
1567 1941 1843 2041 possessionibus
1853 1941 1946 2036 inter

524 2091 585 2144 eos
598 2069 810 2144 vertebatur.
828 2069 956 2144 Civitas
971 2070 1143 2144 llhinowe
1156 2081 1191 2144 et
1209 2071 1306 2145 ouria
1318 2069 1572 2144 Weselonheim
1589 2089 1670 2143 enm
1686 2068 1769 2142 vilia
1784 2075 1820 2142 et
1832 2066 1945 2140 omni·

524 2195 592 2268 bus
612 2195 685 2268 suis
703 2194 915 2292 appenditiis
930 2195 1032 2291 pleno
1053 2198 1133 2289 jure
1154 2196 1309 2269 restituto
1330 2203 1413 2269 sunt
1431 2193 1574 2268 ecclesie
1597 2191 1852 2288 Argentinensi.
1869 2193 1945 2265 lia-

523 2319 622 2394 bebit
633 2319 692 2412 jus
711 2327 910 2415 patronatus
926 2319 961 2390 in
979 2320 1124 2394 eeclesia
1142 2331 1177 2394 et
1193 2319 1346 2394 decimas
1365 2329 1400 2394 et
1421 2341 1560 2412 oeneus,
1580 2329 1615 2392 ei
1631 2317 1785 2392 odicium
1805 2317 1945 2392 villica·

522 2443 627 2516 tionis
638 2464 701 2540 pro
713 2443 892 2517 voluntate
905 2465 968 2517 sun
984 2443 1146 2518 dominus
1159 2445 1344 2542 episeopus
1356 2445 1495 2520 locabit.
1513 2444 1662 2518 Domino
1676 2442 1751 2539 regi
1765 2443 1803 2515 in
1820 2441 1944 2517 eadem

520 2569 661 2643 civitate
695 2567 878 2644 advocatia
913 2569 1123 2664 remanebit,
1150 2579 1185 2644 et
1210 2571 1493 2668 quandocunque
1528 2569 1669 2644 dabitur
1703 2569 1847 2644 oolleeta
1880 2589 1943 2642 sen

521 2693 689 2792 precaria,
711 2715 852 2791 presens
870 2693 935 2768 erit
952 2695 1097 2768 nuntius
1113 2695 1280 2793 episcopi,
1298 2705 1333 2770 et
1354 2693 1477 2770 eadem
1495 2695 1649 2792 precaria
1667 2693 1835 2789 equaliter
1850 2692 1945 2768 divi·

521 2818 626 2895 detur
653 2819 743 2894 inter
773 2819 955 2894 dominum
983 2843 1100 2916 regem
1127 2829 1162 2895 et
1183 2820 1363 2895 dominum
1394 2821 1613 2917 episcopum
1640 2820 1796 2897 similiter
1821 2841 1944 2894 omnes

522 2955 713 3044 proventus
729 2943 775 3020 de
792 2945 915 3022 eadem
942 2945 1125 3021 advocatia
1151 2947 1393 3043 provenientes
1421 2945 1591 3042 equaliter
1615 2945 1830 3020 dividentur.
1857 2945 1943 3018 liam

523 3071 737 3163 Mollsheim,
759 3072 817 3164 jus
835 3081 1035 3168 patronatus
1051 3073 1198 3145 ecclesia
1216 3083 1250 3145 et
1266 3071 1418 3146 officium
1439 3070 1661 3145 villicationis
1687 3079 1722 3144 et
1745 3069 1881 3144 decima
1909 3077 1944 3142 et

523 3197 675 3293 quedam
693 3197 761 3270 alia
771 3199 851 3290 jura
865 3198 910 3270 ab
927 3197 1071 3294 antiquo
1092 3197 1139 3270 ad
1159 3197 1397 3295 episcopatum
1414 3196 1604 3294 spectantia
1622 3195 1764 3269 domino
1778 3193 1944 3291 episeopo

525 3398 602 3415 μ-

559 3505 594 3580 (i)
611 3505 771 3580 Fragmenta
783 3504 890 3564 edimus
907 3504 988 3580 hujus
1008 3505 1210 3580 oompesitionis
1231 3521 1265 3564 ex
1281 3521 1444 3580 pergamena
1461 3503 1583 3579 originali
1599 3503 1628 3562 in
1646 3501 1723 3562 areli.
1737 3501 1943 3576 Armdnend,

523 3602 618 3662 neor
630 3602 674 3661 dee
687 3603 907 3662 Clerumenoe
920 3605 968 3662 liei
981 3605 1065 3678 gratia
1077 3605 1111 3662 li.
1125 3603 1307 3662 iiorbneensis
1315 3610 1378 3662 et...
1391 3603 1426 3662 de
1439 3601 1586 3676 Nuenburg
1598 3601 1711 3660 abbates
1723 3606 1752 3660 et
1762 3600 1791 3658 S.
1802 3615 1896 3658 eomas
1909 3600 1945 3658 de

523 3719 537 3754 r
551 3699 665 3770 warda,
675 3699 845 3774 imperatorie
856 3701 1004 3774 majestatie
1012 3701 1119 3776 judiees
1132 3701 1257 3776 delegati,
1269 3700 1394 3760 omnibuis
1406 3702 1477 3760 hane
1490 3701 1615 3777 paginam
1628 3699 1791 3775 inspecturis
1803 3699 1832 3756 in
1842 3713 1942 3774 perpe·

521 3815 537 3850 a
551 3801 638 3854 tuum.
651 3796 782 3856 Noverint
793 3797 911 3856 universi
925 3803 980 3856 iarn
994 3804 1136 3873 presentes
1150 3815 1231 3874 quam
1245 3798 1327 3856 iuturi
1339 3799 1456 3875 qualiter
1467 3798 1592 3857 dominus
1605 3803 1698 3856 noster
1712 3797 1744 3855 1³.
1762 3797 1944 3854 Romanorum

522 3911 537 3950 v
550 3894 698 3970 imperator
706 3901 734 3952 et
743 3911 851 3970 semper
863 3901 1001 3970 angentes,
1010 3897 1043 3955 ed
1054 3910 1150 3972 preces
1161 3896 1372 3955 reverentissimi
1384 3897 1468 3972 patris
1481 3895 1566 3955 nostri
1581 3895 1690 3953 lionorii
1701 3893 1798 3951 summi
1807 3891 1944 3968 pontificis

521 4013 535 4048 r
549 4008 583 4051 ae
596 3993 674 4051 Sedis
686 3992 833 4067 apostoliea
846 3993 1040 4064 reverentiam,
1055 3994 1267 4054 controversiam
1281 4011 1345 4068 qne,
1355 4000 1422 4066 eto,
1437 4009 1472 4052 ex
1483 3993 1603 4068 lnjnneta
1617 3991 1697 4050 nobis
1706 3990 1872 4065 delegatione
1882 3990 1945 4046 viee

522 4109 536 4144 r
551 4089 665 4166 repetita
680 4094 708 4146 et
720 4089 846 4148 mandato
861 4107 944 4166 snper
962 4091 1015 4150 hoo
1033 4092 1204 4167 imperatoris
1214 4093 1364 4167 duplicato,
1384 4092 1419 4150 de
1432 4091 1559 4162 aemilio,
1575 4089 1688 4149 mentia
1700 4093 1729 4146 et
1740 4087 1877 4146 voluntate
1889 4087 1941 4144 do-

523 4189 617 4246 »mini
628 4187 777 4248 cancellarii
791 4188 926 4264 plenaria,
941 4189 1047 4248 aeulteti
1067 4193 1101 4248 de
1119 4191 1290 4266 llagrnnvve,
1308 4189 1475 4264 nliornmquo
1488 4188 1671 4264 presentium,
1685 4191 1740 4244 eto.
1753 4183 1891 4260 [Sequitur
1901 4184 1943 4242 in·

524 4305 539 4340 ι
555 4288 697 4346 strumenti
709 4285 808 4362 tenen]
821 4287 857 4346 Ut
869 4295 959 4348 autem
975 4287 1027 4348 heo
1040 4288 1189 4348 indubitata
1208 4288 1261 4348 lide
1283 4295 1425 4348 teneantur
1436 4303 1469 4347 eo
1489 4286 1569 4361 liuius
1587 4285 1627 4344 rei
1647 4283 1829 4342 testimonium
1847 4280 1943 4340 edioax

523 4385 640 4460 »possit
655 4385 764 4458 haberi,
781 4385 927 4460 sigillorum
948 4393 1100 4448 nostrorum
1118 4387 1282 4460 munimine,
1305 4387 1389 4463 ipsius
1409 4401 1519 4462 quoque
1537 4382 1702 4454 roncelini,
1717 4385 1870 4456 presentem
1890 4395 1944 4454 pa·

523 4504 538 4538 a
553 4485 641 4558 gnam
656 4485 827 4544 decernimus
840 4487 1009 4546 communiri.
1027 4489 1123 4545 Testes
1143 4493 1248 4556 anum,
1262 4493 1312 4544 etc.
1330 4485 1397 4544 leta
1418 4489 1483 4542 aunt
1498 4484 1564 4554 heo,
1586 4487 1639 4540 eto.
1652 4501 1666 4534 n
1681 4479 1794 4554 laqueis
1805 4475 1942 4535 membru-

523 4582 616 4641 naeeis
626 4583 779 4657 pendebunt
789 4583 874 4658 sigilla
883 4591 1004 4660 septem,
1019 4600 1135 4660 quorum
1148 4584 1266 4658 primurn
1278 4599 1313 4642 an
1327 4583 1363 4642 eit
1373 4582 1458 4657 ipsius
1470 4579 1598 4640 Friderioi
1611 4577 1655 4638 vel
1667 4576 1774 4636 ilenrioi
1785 4574 1866 4650 regis,
1876 4587 1941 4630 oum

522 4679 634 4739 abrasae
652 4679 707 4738 sint
726 4679 842 4754 litterae,
858 4698 956 4756 pamm
973 4681 1071 4756 liquet,
1087 4681 1236 4740 secundum
1250 4681 1401 4741 cancellarii
1416 4679 1548 4752 cenredi,
1563 4683 1691 4754 quartum
1711 4673 1818 4732 abbatis
1833 4669 1941 4730 lierbn
1957 4735 1961 4742 .

523 4778 613 4836 censis
626 4777 713 4835 adhue
726 4784 835 4852 extant;
851 4787 958 4838 eaaoera
970 4795 1035 4840 vero
1046 4781 1196 4856 perienmt.
