4330 5914
530 577 593 640 6¹18
1032 575 1248 640 salomei
1271 578 1446 642 sacuam
1757 583 1837 662 [rin
1857 585 1941 647 lm

616 711 934 793 (Edidmtllatarcr,
949 711 1046 774 Nolis.
1064 710 1300 794 &loommin
1315 710 1460 776 allow.
1475 713 1576 794 inp.
1591 711 1943 798 dimini-11,

653 836 685 896 p.
698 817 891 892 tlh-Lm,
906 819 1035 879 Horum
1051 817 1143 880 eccles.
1158 817 1304 896 turm„
1317 828 1392 884 tom.
1403 823 1434 898 1,
1444 839 1476 900 p.
1487 822 1666 884 tummim
1677 841 1749 884 reo
1760 831 1861 886 unni
1872 825 1944 888 dum

653 923 710 986 hoo
722 925 896 986 mandatum
910 926 949 986 ad
961 927 1088 988 alterum
1103 927 1272 988 indictionis
1283 928 1419 1005 cyclum,
1433 928 1546 988 sclito&
1557 927 1596 988 all
1608 944 1681 990 aun.
1700 937 1789 1008 titt,
1804 930 1942 992 referam.

654 1029 743 1104 Quod
763 1047 863 1091 rerum
884 1032 1019 1092 ordinem
1038 1033 1158 1092 omuino
1175 1032 1321 1105 turham,
1340 1041 1375 1094 ut
1396 1039 1475 1094 recte
1495 1040 1596 1094 mouet
1613 1033 1816 1108 Romus,
1831 1035 1942 1117 aque.

654 1134 771 1196 freda.
788 1137 829 1213 11,
848 1155 880 1214 p.
899 1147 968 1212 aar,
982 1137 1016 1198 u·
1031 1135 1116 1216 aro.)

584 1323 779 1396 Fridericus
801 1323 864 1396 Dei
884 1323 994 1418 gratia
1010 1324 1242 1396 Romanorum
1261 1325 1458 1419 imperator,
1482 1346 1618 1420 semper
1635 1335 1825 1420 augustus,
1849 1327 1946 1400 leru-

535 1449 642 1522 salem
660 1458 695 1520 et
710 1447 824 1520 Sicilie
839 1467 920 1536 rex,
937 1448 1153 1522 universitati
1168 1449 1271 1522 castri
1288 1449 1404 1522 Sancti
1419 1449 1588 1540 Miniaus,
1608 1450 1704 1522 curie
1720 1461 1756 1522 et
1770 1449 1945 1522 distuous

536 1572 625 1664 ejus,
644 1573 766 1646 Fioecli
789 1582 826 1645 et
838 1573 941 1646 vallis
954 1571 1058 1661 Arni,
1076 1574 1178 1646 vallis
1196 1574 1341 1646 Nevoria
1363 1583 1400 1646 et
1412 1571 1558 1646 Arriano
1571 1583 1607 1646 et
1621 1574 1718 1645 Lime
1735 1582 1771 1645 et
1787 1574 1869 1648 ville
1882 1575 1945 1648 Ba·

536 1699 633 1772 silice
656 1719 738 1770 cum
759 1699 975 1794 pertiuentiis
996 1699 1090 1788 suis,
1116 1719 1250 1772 necnon
1275 1709 1310 1772 et
1333 1699 1506 1772 universis
1521 1698 1568 1773 ad
1584 1700 1816 1772 castellaniam
1831 1701 1944 1774 Sancti

536 1823 687 1896 iliuiatis
698 1831 733 1894 ot
747 1822 1022 1915 jurisdictionem
1037 1824 1115 1914 ejus
1125 1824 1389 1918 pertinentibus,
1407 1821 1668 1914 fidelibussuis,
1687 1824 1833 1918 gratiam
1846 1845 1943 1896 suam

536 1959 573 2021 et
590 1948 718 2022 bonam
732 1949 958 2022 volunlatem.
969 1948 1060 2034 Quia
1073 1947 1263 2020 llaiualdus
1280 1949 1356 2022 dux
1371 1947 1502 2042 Spoleti
1523 1957 1560 2022 et
1578 1947 1702 2020 Tuscie
1717 1949 1870 2040 legatus,
1890 1949 1945 2022 di·

538 2073 648 2147 leolue
664 2071 777 2146 fidelis
794 2081 921 2160 noem,
941 2072 1119 2146 coustituit
1134 2074 1358 2146 castellanum
1377 2073 1492 2146 Sancti
1506 2071 1656 2144 lliniatis
1668 2071 1882 2144 Evmrtlum
1895 2071 1945 2167 (u)

539 2207 700 2293 nepotem
722 2219 844 2288 suum,
868 2195 1006 2268 fidelem
1026 2205 1199 2288 meum,
1220 2197 1434 2270 universitati
1452 2205 1566 2269 vestra
1581 2195 1788 2270 mandamus
1805 2193 1946 2270 firmiter

540 2323 760 2415 injungentes
770 2329 943 2414 qnatenus
950 2322 1053 2412 juxta
1072 2329 1224 2392 tenorem
1239 2320 1427 2392 litterarum
1443 2317 1599 2411 ejusdem
1619 2319 1723 2412 legati
1736 2319 1857 2409 nostri,
1870 2341 1946 2390 cas·

539 2447 665 2518 tellone
686 2445 842 2540 predicto
857 2444 904 2518 de
920 2445 1083 2516 omuibus
1098 2444 1284 2520 intendatis
1295 2453 1330 2516 et
1342 2443 1579 2539 respondeatis
1594 2441 1742 2516 fideliter
1756 2451 1793 2516 et
1805 2441 1942 2516 devote.

586 2573 711 2642 ilatum
729 2569 846 2663 logie,
862 2569 987 2644 XXVII
1002 2569 1219 2665 septembris,
1237 2571 1299 2644 XV
1314 2569 1529 2664 indictione(
1553 2567 1580 2662 ).
1610 2625 1617 2641 .

588 2696 808 2790 [Sequuntur
831 2695 962 2768 litterae
987 2695 1097 2790 ipsius
1119 2693 1278 2768 Rainaldi
1308 2715 1388 2766 cum
1418 2694 1507 2768 uotis
1526 2691 1776 2786 chronologicis
1793 2691 1943 2782 eisdem,

538 2820 667 2916 quibus
691 2819 914 2894 castellanum
931 2819 1047 2894 Sancti
1067 2819 1219 2892 lliuiatis
1233 2819 1411 2892 constituit
1435 2816 1649 2890 Eberardum
1665 2825 1825 2910 nepotem
1844 2837 1944 2888 suum

539 2967 619 3020 cnm
633 2945 796 3039 justitiis,
812 2945 972 3038 juribus,
991 2945 1183 3018 rationibus
1197 2953 1233 3018 el
1245 2944 1408 3018 omnibus
1428 2941 1564 3038 imperii
1584 2941 1774 3014 honoribus
1793 2941 1830 3012 in
1849 2940 1947 3014 terris

537 3072 738 3170 predictis]

764 3293 957 3306 —1-——unn

371 3686 382 3706 ‚
415 3634 492 3720 we.
591 3595 826 3702 Fridericus,
854 3593 1114 3677 Romanorum
1147 3592 1367 3700 imperator,
1392 3590 1620 3701 magistrum
1651 3586 1866 3671 Arnoldum
1891 3585 1945 3691 [iu

539 3729 765 3816 Alemannis
793 3725 953 3812 uerbum
983 3725 1107 3808 crucis
1137 3725 1433 3834 praedicantem]
1460 3735 1590 3806 mouet
1619 3721 1814 3830 quomodo
1844 3719 1947 3802 ouria

540 3863 803 3952 Cremonensis
824 3857 1069 3944 arebellibus
1096 3857 1320 3941 Lomhartlis
1344 3855 1457 3940 fuerit
1483 3853 1684 3964 impedita,
1708 3879 1791 3936 rem
1821 3862 1944 3935 autem

582 4085 623 4166 lc)
641 4083 678 4144 ln
691 4083 834 4158 impresso
848 4075 929 4154 apud
945 4073 1073 4148 mute,
1087 4073 1140 4134 scd
1153 4071 1231 4134 male
1246 4067 1438 4134 amoueo.

539 4289 729 4308 pan——
739 4283 839 4296 ⁸⁸--

576 4425 613 4501 lll
633 4425 740 4498 iegitur
753 4422 824 4496 apud
836 4421 953 4480 Camich
967 4419 1027 4478 dot.
1037 4419 1131 4494 Fople,
1142 4419 1228 4476 Xl'll
1239 4415 1296 4476 tal.
1309 4421 1387 4490 sept..
1402 4415 1458 4476 XV
1466 4413 1574 4482 Μαίη
1583 4411 1687 4470 scilicet
1701 4411 1734 4466 tt
1747 4405 1855 4482 augusti
1867 4407 1944 4474 titt,

538 4523 686 4583 secuudum
699 4527 819 4577 nostrum
831 4518 1004 4591 computandi
1016 4517 1137 4574 modum.
1153 4516 1281 4588 llajorem
1292 4528 1358 4572 varo
1370 4511 1450 4570 iidem
1464 4511 1555 4570 lamio
1569 4507 1748 4568 adhibendam
1761 4510 1889 4578 putamus
1901 4503 1947 4576 qui

539 4621 699 4678 documenta
712 4633 745 4672 ex
758 4614 876 4671 archivio
887 4614 1040 4670 itiniatcnsi
1054 4613 1230 4688 deprompsit.
1241 4611 1310 4669 Vide
1322 4611 1432 4684 insuper
1445 4609 1512 4666 inira
1523 4625 1551 4683 p.
1566 4609 1628 4677 686,
1645 4603 1729 4678 ipsius
1738 4599 1860 4658 Raiualdi
1874 4615 1947 4656 man·

538 4719 646 4788 datum,
660 4715 731 4790 quod
744 4727 823 4771 omna
837 4727 948 4786 prorsus
960 4711 1073 4768 dubium
1086 4711 1166 4768 tollit.
