4466 5914
314 581 412 642 boren.
430 573 492 656 le]
773 573 968 636 HISTORIA
993 573 1285 636 nlrnotlaulcu.
1674 569 1735 633 605

364 711 560 786 Fridericns
577 708 639 782 Dei
659 708 769 804 gratia
785 709 1019 784 llomanornm
1044 711 1241 808 imperator,
1262 733 1399 808 semper
1418 719 1607 806 augustus,
1628 711 1731 782 lern-

316 840 422 912 salem
437 847 472 910 el
485 835 601 909 Sicilie
613 856 690 907 rex.
707 832 762 906 Ad
779 833 918 908 laudem
933 835 1099 932 principis
1112 836 1206 910 cedit
1222 845 1257 909 et
1273 837 1418 932 gloriam
1429 845 1465 909 et
1478 839 1554 930 ejus
1570 835 1731 908 decenter

317 971 571 1050 ornamentum,
591 959 758 1054 quociens
776 960 960 1056 petitiones
983 970 1019 1034 et
1044 971 1124 1036 vota
1140 961 1297 1035 fidelium
1318 962 1497 1058 principali
1518 962 1635 1032 lavore
1652 979 1731 1054 pro·

317 1086 475 1181 sequitur
490 1093 525 1158 et
542 1085 578 1156 in
596 1105 715 1156 eornm
738 1083 1041 1158 commoditatibus
1061 1107 1186 1158 manus
1204 1107 1268 1158 sue
1293 1083 1529 1158 munificentie
1546 1083 1733 1178 benignius

318 1209 489 1308 aperitnr;
509 1209 686 1303 presertim
705 1229 785 1279 cum
805 1229 873 1282 non
889 1208 1007 1280 minue
1024 1209 1060 1280 in
1079 1207 1324 1281 confirmandis
1341 1231 1446 1303 quam
1464 1209 1500 1280 in
1515 1206 1733 1280 conserendis

317 1337 395 1408 laus
423 1333 639 1430 imperatorie
663 1331 844 1426 dignitatis
868 1341 1052 1406 accrescat.
1082 1333 1131 1406 Ea
1156 1343 1293 1428 propter
1320 1342 1440 1406 notum
1468 1333 1542 1406 fieri
1569 1333 1734 1406 volumus

318 1457 491 1531 universis
507 1455 643 1553 imperii
662 1455 823 1528 fidelibus
842 1465 911 1528 tam
929 1457 1148 1552 presentibus
1166 1479 1271 1552 quam
1289 1457 1414 1530 futuris
1428 1457 1524 1552 quod
1541 1457 1687 1530 dilectus
1700 1465 1735 1529 et

319 1583 431 1656 fidelis
451 1583 613 1679 princeps
629 1589 745 1654 noster
760 1581 1051 1677 Petneburgensis
1069 1582 1264 1678 episeopus,
1285 1583 1443 1679 provisor
1460 1582 1735 1676 osneburgensis

319 1707 475 1798 ecclesie,
496 1705 669 1780 serenitati
697 1715 813 1780 nostre
835 1727 898 1802 pro
925 1707 1001 1804 ipsu
1028 1707 1172 1780 ecclesia
1197 1716 1267 1780 tam
1286 1707 1411 1780 devote
1426 1729 1533 1802 quam
1560 1707 1735 1780 humiliter

319 1833 528 1928 supplicavit
549 1841 588 1903 ut
608 1831 785 1926 quoddam
811 1831 1077 1903 instrumentum
1092 1832 1174 1906 olim
1194 1833 1284 1906 iuter
1300 1832 1410 1927 ipsine
1427 1830 1571 1904 ecclesie
1586 1831 1733 1904 electum

319 1968 354 2032 et
370 1958 561 2051 burgenses
585 1957 735 2030 civitatis
753 1955 910 2048 ejusdem
936 1977 1043 2052 super
1059 1956 1261 2030 vendib'one
1286 1958 1479 2031 medietatis
1496 1957 1620 2048 judicii
1642 1957 1734 2029 civi-

319 2083 397 2156 tatis
410 2083 520 2179 ipsius
533 2083 739 2172 conlectum,
757 2081 961 2156 confirmare
974 2081 1020 2156 de
1031 2090 1146 2155 nostra
1160 2081 1269 2175 gratia
1282 2083 1518 2177 dignaremur.
1532 2081 1602 2154 Nos
1616 2091 1731 2155 autem

320 2208 475 2302 ejusdem
495 2205 649 2304 episcopi
667 2207 771 2281 fidem
788 2229 911 2303 puram
930 2215 964 2280 et
979 2205 1200 2280 devotionem
1220 2207 1386 2281 sinceram
1403 2230 1508 2303 quam
1522 2205 1567 2279 ed
1582 2215 1732 2278 nostram

320 2356 457 2429 semper
475 2333 596 2405 habuit
615 2333 854 2406 excellentiam
875 2333 1103 2422 attendentes,
1124 2355 1187 2404 nec
1208 2355 1277 2406 non
1296 2332 1410 2407 fidelia
1425 2343 1460 2406 et
1474 2343 1570 2428 grata
1591 2331 1733 2404 servitia

320 2483 389 2554 qne
406 2459 498 2532 dicta
517 2459 661 2531 eeclesia
683 2457 783 2532 nobis
800 2465 835 2530 et
852 2457 997 2553 imperio
1021 2457 1240 2531 laudabiliter
1260 2458 1421 2530 exhibuit
1439 2467 1473 2530 et
1492 2479 1562 2552 qne
1578 2459 1612 2528 in
1633 2465 1733 2530 antea

322 2583 445 2680 poterit
462 2581 508 2654 de
524 2583 616 2654 bono
631 2601 767 2676 semper
780 2581 816 2650 in
832 2578 958 2652 melius
972 2581 1152 2672 exhibere,
1171 2582 1440 2678 supplicationes
1457 2581 1567 2676 ipsius
1584 2581 1733 2674 benigne

322 2707 527 2779 admisimus
540 2715 575 2778 et
589 2706 855 2777 instrumentum
868 2703 1077 2800 pradictum,
1087 2706 1178 2776 sicut
1189 2708 1283 2798 juste
1297 2715 1331 2778 et
1344 2704 1591 2778 rationabiliter
1604 2705 1731 2776 iactum

321 2843 389 2926 est,
409 2831 455 2906 da
470 2839 584 2904 nostra
600 2832 710 2926 gratia
729 2829 992 2922 confirmamns3
1017 2830 1220 2904 mandantes
1235 2841 1271 2903 et
1291 2831 1433 2903 firmiter
1453 2832 1671 2926 injungentes
1695 2841 1734 2903 ut
1875 2851 1878 2858 ’

322 2959 418 3030 nulla
436 2957 576 3030 omnino
592 2978 737 3052 persona
755 2978 862 3052 parra
879 2957 936 3029 vel
955 2957 1109 3048 humilis,
1131 2957 1361 3030 ecclesiastica
1379 2956 1433 3028 vel
1449 2957 1625 3046 secularis,
1643 2957 1734 3048 jam-

322 3083 449 3156 dictam
477 3081 777 3174 Osnaburgensem
800 3081 980 3153 ecelesiam
1006 3091 1125 3154 eontra
1147 3081 1239 3154 hane
1263 3079 1555 3154 confirmationem
1582 3089 1732 3153 nostram

321 3231 409 3282 aneu
435 3207 615 3280 temerario
640 3205 809 3302 impedire
835 3227 897 3278 sen
924 3207 1105 3280 molestare
1128 3215 1315 3302 presumat.
1342 3205 1444 3290 Quod
1466 3205 1527 3299 qui
1552 3225 1733 3301 presump-

322 3333 402 3406 serit
429 3331 699 3426 indignationem
728 3337 880 3402 noetram
905 3351 944 3402 ee
967 3329 1103 3402 noverit
1126 3329 1277 3424 graviter
1301 3331 1532 3402 incursurum.
1551 3327 1605 3401 Ad
1627 3329 1732 3421 hujus

322 3467 436 3528 antem
454 3453 724 3528 confirmationis
737 3462 854 3526 nostra
871 3456 1072 3527 memoriam
1087 3461 1121 3528 et
1137 3453 1242 3528 mbur
1256 3453 1292 3525 in
1309 3461 1514 3550 perpetuum
1529 3453 1730 3547 valiturum,

323 3601 464 3676 presens
489 3579 654 3674 scriptum
679 3577 753 3652 fieri
778 3588 813 3654 et
837 3579 950 3674 sigillo
969 3579 1158 3672 majestatis
1184 3588 1298 3652 nostre
1319 3578 1489 3672 jussimus
1509 3579 1731 3673 communiri,

323 3727 427 3796 anno,
447 3727 565 3778 mense
579 3713 614 3777 at
631 3703 821 3777 indictione
834 3705 1049 3800 subscriptis.

372 3831 494 3902 Datum
512 3829 650 3919 Parme,
669 3850 762 3902 enno
777 3829 950 3904 dominice
964 3829 1209 3902 incarnationis
1220 3829 1402 3902 millesimo
1421 3826 1657 3901 ducentesimo
1674 3827 1736 3901 vi-

322 3955 450 4028 cesimo
471 3965 583 4044 sexto,
603 3977 721 4028 mense
739 3955 844 4048 junii,
864 3965 986 4050 quarte
1004 3955 1139 4028 decime
1156 3956 1368 4047 indictionis,
1386 3954 1577 4050 imperante
1594 3953 1735 4028 domino

323 4089 438 4152 nostro
455 4079 628 4154 Friderioo
640 4081 703 4152 Dei
726 4079 837 4173 gratia
857 4081 1088 4153 Romanorum
1110 4082 1326 4177 imperatore,
1343 4102 1480 4178 semper
1497 4089 1658 4176 angusto,
1678 4081 1735 4152 le·

323 4206 472 4278 rusalem
486 4213 521 4277 et
537 4205 650 4278 Sicilie
663 4227 758 4300 rege,
779 4225 871 4277 anno
890 4205 1034 4278 Romani
1054 4206 1188 4302 imperii
1206 4207 1282 4299 ejus
1300 4217 1412 4297 sexto,
1432 4207 1529 4300 regni
1547 4206 1735 4280 Jerusalem

323 4329 435 4424 primo
449 4339 484 4404 et
502 4331 600 4426 regni
614 4331 731 4404 Sicilie
746 4330 912 4404 vicesimo
929 4339 1052 4405 octavo
1071 4328 1133 4426 (a),
1153 4331 1307 4405 feliciter.
1327 4331 1449 4405 Amen.

367 4533 407 4614 (a)
430 4534 480 4596 Slc
495 4551 503 4594 ε
518 4541 596 4598 recte
608 4541 709 4598 tamen
720 4536 850 4598 metuo
866 4554 953 4600 nouo.
