4330 5914
227 583 325 644 nure.
341 579 403 658 11.]
678 571 875 635 HISTORIA
900 571 1193 634 nlrnollarlcn
1579 575 1639 638 76³

227 714 507 814 quevmtebatur
517 712 606 784 inter
619 709 783 784 dilectum
801 709 1098 804 consanguineum
1114 717 1271 782 nostrum
1284 710 1323 782 L.
1338 707 1464 784 ducem
1477 710 1634 806 Ravana

228 842 419 940 palatinum
436 837 596 912 comitem
620 836 723 927 Reui,
744 845 780 910 et
796 834 1051 908 ministerialem
1067 843 1223 908 nostrum
1239 831 1279 906 G.
1299 833 1345 908 de
1361 834 1497 931 Erpaoh
1516 836 1567 910 sic
1587 847 1641 910 est

229 967 340 1062 sopita
355 974 392 1040 ct
408 963 647 1052 determinata,
668 981 731 1057 pro
748 959 842 1036 omni
860 958 1012 1056 dampno
1033 957 1188 1054 predicto
1204 957 1286 1032 duci
1303 959 1503 1056 apinoerna
1521 971 1639 1036 nostro

230 1091 272 1166 G.
292 1091 393 1164 beate
410 1087 577 1162 memorie
602 1087 711 1160 illato.
731 1087 803 1160 Nos
824 1084 870 1159 de
890 1085 1000 1181 gratia
1018 1093 1136 1158 nostru
1158 1085 1325 1158 minorem
1350 1083 1461 1158 filium
1478 1096 1514 1160 et
1533 1085 1640 1160 filiam

231 1217 404 1290 seniorem
425 1213 537 1310 ipsius
558 1213 722 1309 pincerne
741 1212 873 1307 prefato
892 1210 976 1285 duci
993 1211 1138 1284 Bavade
1161 1211 1259 1284 titulo
1277 1211 1497 1307 proprietatis
1521 1221 1641 1286 contu-

232 1339 353 1432 limus,
368 1360 419 1430 ca
440 1336 602 1424 videlicet
618 1335 816 1424 conditione
839 1343 879 1408 ut
899 1344 1169 1430 prememoratus
1185 1335 1261 1410 dux
1283 1336 1400 1432 pueris
1423 1335 1533 1434 ipsius
1559 1337 1643 1433 pin-

233 1485 337 1538 cerne
355 1439 461 1540 leuda
481 1483 551 1558 que
574 1463 620 1538 ab
640 1463 717 1558 ipso
744 1471 862 1536 tenere
882 1461 1012 1536 dehent
1024 1463 1103 1555 jure
1122 1460 1253 1536 feudali
1270 1461 1438 1536 concedat
1463 1471 1498 1536 et
1523 1484 1644 1558 rocog-

234 1597 368 1664 noscst.
385 1589 514 1662 Verum
539 1588 570 1662 si
595 1587 678 1680 hec,
698 1587 789 1660 sicut
814 1587 852 1660 iu
875 1587 1054 1684 presencia
1068 1585 1302 1682 predictorum
1327 1587 1464 1684 imperii
1490 1587 1644 1664 fidelium

235 1723 380 1788 tractata
395 1723 489 1806 sunt,
503 1712 746 1787 serenissimus
763 1711 926 1786 dominus
939 1713 1122 1808 imperator
1137 1721 1235 1807 pater
1251 1719 1367 1785 noster
1380 1721 1476 1808 grata
1488 1733 1561 1790 non
1578 1714 1646 1788 hu-

238 1837 355 1913 bucrit
367 1847 402 1912 et
414 1845 502 1924 rata,
514 1839 617 1931 J'uxta
631 1838 813 1912 consilium
832 1845 867 1910 et
889 1836 1149 1933 providenciam
1170 1835 1213 1912 G.
1230 1837 1366 1910 comitis
1379 1837 1425 1912 de
1438 1838 1547 1929 Distu,
1566 1859 1645 1912 ma-

232 1964 319 2058 J‘oris
336 1963 501 2061 prepositi
526 1963 710 2060 Spirensis,
727 1964 766 2036 B.
787 1961 833 2038 de
850 1961 1001 2055 Alnvslt
1024 1961 1061 2034 C.
1079 1961 1125 2036 de
1145 1963 1286 2059 scapua,
1301 1963 1341 2036 F.
1364 1963 1410 2038 de
1425 1963 1643 2058 Kelberawe,

238 2087 391 2182 dampna
417 2093 452 2160 et
473 2086 596 2182 rapine
616 2087 708 2160 illate
731 2085 815 2160 duci
837 2085 1004 2181 prelibato
1027 2093 1109 2158 sunt
1132 2106 1154 2157 a
1176 2085 1293 2180 pneris
1310 2086 1475 2182 pincerne
1495 2087 1532 2159 in
1554 2087 1647 2162 inte-

237 2233 340 2307 grum
359 2209 583 2286 restituendo.
600 2209 783 2306 Quidquid
804 2220 920 2284 autem
943 2231 982 2284 se
999 2205 1072 2307 [sic]
1088 2210 1209 2305 prefati
1224 2211 1325 2308 pueri
1340 2233 1445 2308 super
1462 2211 1565 2286 bonis
1580 2213 1648 2288 illis

238 2357 308 2433 que
335 2335 525 2431 vulgariter
553 2335 710 2414 anelelch
735 2332 944 2432 (angelelle)
969 2333 1148 2428 dicuutur,
1175 2335 1292 2410 medio
1311 2344 1465 2434 tempore
1493 2338 1649 2412 utilitatis

239 2462 456 2559 perceperint
475 2483 539 2536 seu
552 2461 696 2558 dampni
710 2459 908 2558 sepedictus
923 2461 1000 2535 dux
1018 2461 1055 2534 in
1072 2460 1204 2536 eisdem
1222 2461 1323 2536 bonis
1339 2463 1555 2556 sustinuerit,
1568 2485 1649 2538 cum

241 2588 434 2684 integritate
450 2587 518 2661 sibi
533 2587 638 2664 debet
655 2587 701 2662 ab
719 2588 804 2684 ipsis
819 2588 937 2684 pueris
952 2587 1122 2662 resarciri.

290 2713 403 2807 Hujus
421 2713 473 2788 rei
494 2721 599 2788 testes
614 2722 697 2788 sunt
716 2715 759 2786 l).
783 2735 899 2788 comes
915 2713 961 2788 de
975 2713 1207 2811 Ravinsperg,
1227 2711 1271 2786 G.
1296 2713 1342 2788 de
1362 2713 1588 2811 Eppcnstein,
1606 2715 1647 2788 G.

241 2837 346 2912 stater
366 2838 489 2935 ipsius,
508 2839 551 2912 ll.
573 2838 619 2912 de
633 2839 818 2936 Libsperg‚
838 2839 880 2912 ll.
900 2837 946 2912 ds
960 2839 1153 2934 Hagenavr,
1168 2835 1209 2912 G.
1230 2837 1276 2914 de
1289 2838 1521 2930 niciensem,
1544 2839 1652 2936 burg·

241 2964 385 3059 gravius
399 2963 444 3040 de
460 2964 663 3060 Frideberg,
681 2973 717 3037 et
731 2964 791 3038 alii
805 2965 1040 3060 quamplures.

291 3091 416 3164 Datum
430 3090 527 3187 apud
540 3089 752 3182 Franckiort,
768 3091 812 3163 lll
826 3089 907 3164 idus
921 3089 1016 3182 maii,
1033 3089 1222 3164 indictione
1234 3090 1294 3164 XI.

299 3694 507 3802 llenriens,
527 3697 790 3784 Romanorum
816 3723 901 3806 rex,
925 3699 994 3784 toti
1020 3697 1188 3784 familiae
1214 3699 1393 3786 ecclcsiae
1420 3701 1658 3788 Ccrheiensis
1711 3720 1841 3829 ὥ

248 3827 416 3914 notificat
432 3831 538 3941 quod
554 3857 684 3917 coram
702 3859 762 3939 se,
778 3833 944 3918 dictante
960 3833 1176 3945 principum
1193 3834 1342 3946 imperii
1360 3838 1546 3921 sententia
1555 3899 1568 3943 ,
1590 3838 1660 3922 ab·
1725 3829 1828 3887 arla.

248 3957 558 4183 3332on
583 3965 800 4052 Corbeiensi
821 3967 939 4052 electo
955 3968 1062 4052 varia
1074 3966 1164 4078 jura
1182 3967 1325 4052 ibidem
1342 3995 1519 4082 expressa
1537 3970 1658 4082 adju-

326 4311 615 4392 OEdfflcrmsma,
630 4315 795 4382 litterator
808 4313 857 4381 dea
871 4315 1008 4382 omnen.
1022 4317 1135 4398 noto,
1149 4339 1180 4402 p.
1197 4319 1532 4401 aas-limonium,
1546 4325 1658 4391 Hister.

241 4504 245 4516 Ι
374 4415 605 4500 Vclmccteirm.
620 4425 668 4502 11,
683 4443 714 4504 p.
732 4435 802 4508 lto,
815 4444 854 4490 ex
870 4427 1031 4492 chartular.
1051 4428 1227 4492 Cerbelcnsl.
1246 4461 1286 4476 -
1306 4431 1420 4508 Pauus,
1435 4431 1565 4496 Monam.
1580 4435 1657 4498 llr‘ct.

370 4523 586 4606 eorm.,r.1v‚
602 4548 633 4610 p.
649 4521 733 4609 aar.)

300 4711 480 4788 Heinricus
496 4715 559 4792 Dei
582 4717 692 4812 gratia
717 4719 944 4796 Romanorum
969 4743 1033 4796 rex
1060 4733 1096 4796 et
1119 4743 1254 4820 sempor
1275 4734 1462 4823 augustos,
1487 4729 1658 4805 universis
