4324 5916
523 569 586 631 est
1045 571 1216 633 uuuurct
1241 571 1408 635 suuntur
1749 573 1834 658 [nar.
1853 568 1939 634 ttae.

523 711 678 810 propter
703 727 845 812 magna
870 713 908 786 et
938 729 1087 813 semper
1117 715 1269 814 accepta
1300 707 1451 792 servitia
1480 731 1581 818 quae
1611 698 1683 790 sibi
1712 717 1750 790 et
1779 695 1943 816 imperio

524 827 729 944 praestitit,
748 827 967 944 coufirmat,
997 839 1095 921 sicut
1119 849 1158 921 et
1183 849 1291 949 pater
1318 867 1411 924 suus
1434 840 1516 951 jam
1543 839 1655 948 fecit,
1673 841 1942 926 dioecesanam

520 969 822 1078 jurisdictionem
841 971 908 1054 diu
923 971 1130 1082 litigiosam
1145 998 1260 1084 super
1271 975 1529 1086 praepositum
1547 983 1585 1058 et
1602 975 1816 1085 capitulum
1835 975 1943 1060 Ges-

524 1102 700 1188 lariense.

607 1317 909 1400 memoratorum,
928 1331 962 1384 11⁰
983 1331 1057 1398 tta,
1071 1339 1109 1386 ax
1122 1323 1226 1386 eodem
1238 1323 1343 1400 rone.)

576 1507 701 1580 Datum
719 1507 815 1606 apud
831 1509 1060 1606 Wimpinam,
1078 1511 1111 1582 X
1127 1509 1293 1586 kalendas
1308 1510 1524 1608 septembris,
1542 1507 1731 1582 indictione
1749 1505 1844 1579 XIV.

759 1833 1703 1848 -n———n-——q-——a—-n-—m-..a-u-

322 2160 500 2272 „ffgpgpffi
580 2141 783 2245 Hemious,
808 2139 1069 2224 Romanorum
1100 2167 1186 2248 rex,
1217 2141 1510 2250 adpetitionem
1536 2170 1676 2254 pupae,
1702 2145 1944 2255 patriarchae

526 2275 825 2386 ierosolymitani
846 2285 883 2358 et
902 2273 1063 2356 fratrum
1082 2275 1185 2385 apud
1201 2273 1449 2360 Denlrendorf
1462 2279 1801 2386 commorantium,
1823 2279 1945 2363 ecclc-

526 2409 625 2493 siam
637 2407 823 2492 Dominioi
837 2407 1007 2518 Sepulori
1020 2407 1164 2492 ibidem
1180 2435 1270 2492 cum
1283 2411 1462 2494 omnibns
1476 2409 1559 2521 ejus
1573 2412 1805 2521 appendiciis
1817 2414 1860 2495 in
1873 2437 1944 2494 sna

525 2542 757 2654 protectione
780 2541 929 2652 recipit,
951 2541 1157 2652 statuitque
1181 2553 1225 2626 ut
1248 2541 1419 2654 ejusdem
1446 2545 1624 2630 ecclesiae
1653 2546 1836 2655 protectio
1863 2570 1941 2630 non

525 2676 647 2788 possit
663 2675 713 2760 ab
731 2677 953 2762 auctoritate
970 2675 1157 2786 imperiali
1179 2677 1350 2761 alienari.

608 2893 713 2974 (Edld.
727 2893 863 2968 onom,
877 2893 998 2955 Dourm
1011 2889 1102 2956 rcdb.
1118 2900 1240 2956 coum.
1259 2889 1423 2971 wacca,
1434 2899 1458 2956 t.
1470 2895 1503 2972 1,
1518 2910 1549 2974 p.
1561 2892 1642 2975 tto.)

574 3082 755 3157 Heinrious
780 3082 843 3155 Dei
867 3081 976 3176 gratia
1004 3081 1236 3156 Romanorum
1256 3101 1320 3155 rex
1346 3089 1382 3155 et
1406 3101 1544 3178 semper
1561 3089 1743 3177 angustus.
1771 3081 1941 3155 Omnibus

525 3208 623 3304 regni
640 3206 749 3282 nostri
762 3205 928 3280 ‘fidelibus
949 3216 1019 3279 tam
1044 3206 1263 3303 presentibus
1280 3227 1384 3301 quarn
1405 3207 1530 3279 tuturis
1551 3215 1672 3280 notum
1688 3227 1765 3281 esse
1780 3207 1942 3281 volumus

526 3333 611 3429 quia
628 3353 691 3406 nos
711 3331 749 3402 in
769 3329 1027 3404 Denclrendorff
1042 3331 1222 3404 ecclesiam
1245 3331 1415 3404 Dominioi
1432 3331 1605 3428 Sepulcri,
1625 3330 1671 3405 ad
1688 3331 1942 3406 mandatumst

526 3457 728 3554 petitionem
757 3455 962 3529 universalis
992 3456 1102 3551 patris
1127 3455 1235 3528 nostri
1261 3455 1423 3548 Honorii,
1450 3457 1497 3532 ad
1521 3455 1722 3554 petitionem
1748 3454 1940 3552 patriarcba

528 3581 807 3670 Jemsolimitani,
834 3578 881 3654 ad
908 3579 1172 3676 postulationem
1199 3579 1343 3654 fratrum
1367 3582 1607 3676 religiosorum
1631 3580 1761 3654 ibidem
1783 3601 1941 3654 commo·

530 3707 700 3800 rentium,
716 3728 796 3779 cnm
813 3705 976 3778 omnibns
993 3703 1203 3801 appenditiis
1217 3706 1303 3798 suis,
1319 3705 1486 3797 ecclesiis,
1502 3705 1608 3798 agris,
1622 3703 1723 3777 cultis
1735 3713 1770 3776 et
1786 3704 1937 3796 incultis,

532 3831 652 3930 pratis,
673 3831 825 3926 pascuis,
844 3839 975 3904 etcum
993 3830 1156 3903 omnibus
1172 3829 1277 3904 rebus
1291 3829 1477 3903 mobilibus
1492 3839 1528 3902 et
1540 3829 1775 3902 immobilibus
1787 3850 1859 3924 que
1874 3828 1939 3925 ipsi

533 3956 676 4031 ecclesie
692 3955 814 4028 collate
838 3962 920 4026 sunt
937 3961 998 4026 aut
1017 3952 1054 4025 in
1070 3961 1247 4050 posterum
1262 3954 1355 4046 justa
1375 3953 1557 4048 largitione
1572 3953 1741 4026 bonorum
1761 3951 1940 4025 hominum

531 4103 595 4155 seu
619 4077 775 4152 bdelium
799 4076 972 4150 oblatione
1000 4077 1068 4173 ipsi
1098 4077 1241 4151 ecclesie
1265 4078 1494 4170 conterentur,
1522 4077 1559 4148 in
1585 4085 1737 4149 nostram
1761 4097 1882 4172 pacem
1907 4083 1942 4148 et

532 4213 647 4278 nostre
676 4201 895 4300 protectionis
929 4201 1182 4294 defensionem,
1208 4200 1255 4275 ad
1284 4200 1422 4274 landem
1447 4211 1481 4274 ct
1503 4201 1649 4296 gloriam
1674 4200 1738 4272 Dei
1764 4199 1942 4294 muctique

533 4329 730 4425 Sepulchri,
751 4328 935 4400 clementer
958 4327 1165 4421 recepimus.
1186 4325 1271 4399 Cum
1294 4326 1400 4422 igitur
1417 4325 1482 4421 piis
1503 4325 1588 4398 locis
1607 4325 1653 4398 ob
1672 4331 1867 4396 sanctornm
1886 4345 1943 4397 re·
2054 4387 2055 4390 ,

534 4455 722 4528 verentium
746 4453 844 4526 lavor
868 4451 1095 4548 impenditur,
1114 4461 1148 4524 et
1165 4453 1282 4525 nullus
1301 4452 1454 4548 pmleoto
1473 4451 1570 4525 loeus
1591 4449 1750 4548 sepulcro
1770 4446 1942 4523 dominico

532 4600 637 4672 quem
652 4576 725 4674 (stc)
738 4577 848 4672 ipsius
866 4577 980 4650 Sancti
999 4579 1203 4650 Sanctorum
1221 4577 1408 4673 corporalis
1424 4574 1597 4674 presentia
1612 4583 1769 4650 sunctum
1783 4571 1876 4660 lecit,
1895 4571 1942 4644 ia·
1967 4613 1970 4618 ·

533 4725 616 4776 vora
630 4700 768 4796 dignior
781 4701 970 4794 invenitur,
981 4701 1088 4798 digne
1103 4703 1237 4795 otinste
1250 4701 1404 4798 ipsorum
1416 4701 1641 4799 petitionibus
1649 4698 1753 4795 justis
1763 4717 1940 4772 assensum
