4324 5916
353 4137 505 4239 ownia.

540 597 602 659 suu
1068 595 1240 658 aetates
1265 519 1432 658 scantin
1769 591 1850 674 [tn.
1867 593 1952 656 am.

540 730 728 841 Stegborn
747 731 981 840 comparavit
997 741 1241 841 caeterasque
1252 731 1468 814 advocatias
1485 755 1585 841 quas
1605 729 1709 812 idem
1718 728 1824 840 josto
1840 729 1953 812 modo

539 865 679 976 potesit
695 863 876 974 adipisci,
899 892 922 948 a
940 865 1120 948 manibus
1138 865 1219 948 suis
1237 864 1393 947 alienari
1410 889 1489 948 nou
1506 863 1685 974 patietur.

619 1053 713 1128 (lidld.
729 1054 852 1130 cusia,
867 1051 1109 1133 amandam.
1123 1053 1236 1130 xvul,
1251 1071 1284 1132 p.
1299 1055 1385 1129 tlt.)

588 1213 770 1286 Helui-icus
783 1215 953 1311 septimus
966 1215 1088 1290 diviua
1102 1216 1241 1289 lavante
1253 1213 1438 1290 clementia
1452 1213 1684 1290 Romamn
1696 1221 1954 1309 metm

539 1347 721 1433 angustus.
743 1340 922 1416 Universis
936 1341 1074 1438 imperii
1095 1339 1259 1414 lidelibus
1278 1349 1348 1414 tam
1367 1339 1586 1436 pausantibus
1601 1359 1709 1434 quam
1725 1337 1853 1412 inlusis
1869 1357 1954 1433 pua-

538 1463 627 1536 aeuti
650 1463 778 1560 scripto
800 1465 1017 1540 insinuamus
1036 1465 1134 1560 qnod
1154 1485 1218 1540 uos
1234 1463 1283 1540 ad
1304 1465 1531 1541 imitationem
1553 1461 1769 1540 dilectissimi
1790 1462 1954 1557 genitate

540 1587 647 1660 nostri
670 1589 879 1665 serenissimi
908 1591 1140 1666 Romanorum
1169 1591 1405 1687 imperatoris,
1436 1589 1631 1666 secundm
1666 1587 1952 1685 supplicatim

539 1713 748 1788 venenatus
767 1715 903 1790 abbatis
924 1715 971 1792 da
987 1717 1077 1790 Pelii
1099 1715 1204 1792 domo
1222 1715 1336 1792 fidelis
1352 1717 1459 1792 nostai
1477 1713 1543 1816 [ut]
1562 1737 1643 1790 cnm
1659 1715 1868 1790 habeam
1883 1713 1954 1788 do-

540 1839 686 1914 minium
710 1840 892 1921 advocatie
913 1843 1110 1918 monasterii
1135 1842 1293 1936 eiusdem
1318 1843 1355 1916 in
1373 1843 1535 1916 mnuibm
1558 1841 1701 1934 aonia,
1720 1837 1952 1937 quamdam

539 1964 642 2038 etiam
663 1967 918 2061 posscssionum
942 1968 1143 2044 advocatias
1158 1991 1249 2064 quaa
1266 1969 1420 2065 pactatus
1437 1967 1546 2042 aben
1564 1986 1701 2042 summa
1719 1963 1874 2060 quadam
1891 1983 1953 2060 pu·

540 2089 643 2164 cunia
668 2093 882 2188 comparavit
905 2093 1000 2188 apud
1023 2093 1270 2170 Hildsboldnm
1295 2093 1341 2168 da
1370 2093 1560 2188 sagonen
1585 2111 1721 2166 necnon
1741 2111 1785 2164 ae
1806 2089 1953 2164 ιΙίιηω

540 2215 696 2288 omnium
724 2219 979 2312 possessionum
1009 2219 1210 2294 advocatias
1235 2238 1325 2314 quas
1346 2217 1449 2292 titnlo
1475 2215 1660 2314 emptionis
1686 2213 1746 2289 val
1771 2213 1842 2288 alio
1858 2214 1953 2307 justo

541 2339 645 2414 modo
668 2343 793 2436 poteait
811 2343 971 2440 adipisci,
996 2345 1198 2420 amanibns
1214 2345 1339 2418 noscis
1353 2345 1496 2418 alienari
1516 2343 1713 2417 nullatenus
1734 2348 1950 2438 pateremurt

541 2483 606 2536 uos
629 2484 713 2558 ergo
734 2466 844 2562 ipsius
864 2467 1007 2544 honeste
1025 2469 1180 2566 petitioni
1195 2470 1409 2565 benignitate
1423 2469 1525 2544 solita
1546 2467 1713 2554 inclinati,
1734 2465 1953 2564 promisimus

541 2586 652 2662 dictas
670 2590 870 2666 advocatias
889 2595 936 2670 ad
959 2616 1084 2668 manus
1099 2605 1233 2670 nosnos
1258 2595 1504 2692 perpetualiter
1527 2590 1744 2683 aetimdas3
1766 2598 1954 2664 mutumdoe

541 2722 581 2786 nt
601 2713 686 2786 nolli
707 2733 853 2810 perseam
869 2715 929 2792 liat
951 2719 1128 2794 concessio
1148 2719 1195 2796 dc
1217 2721 1381 2818 predictis
1400 2719 1448 2794 ab
1464 2717 1670 2792 excelleun'a
1690 2723 1806 2790 nostae
1829 2714 1953 2806 maies-

541 2839 631 2912 tatis.
657 2841 790 2936 Siquis
814 2851 931 2918 autam
948 2855 1066 2920 contra
1094 2845 1199 2940 bajus
1223 2845 1342 2920 statuti
1366 2843 1474 2932 nosci
1499 2844 1647 2939 natan
1668 2841 1803 2936 abnuas
1826 2839 1953 2914 litteras

538 2963 615 3038 sive
635 2967 876 3042 coucesdoucs
893 2967 940 3042 da
962 2967 1068 3064 hujus
1091 2970 1237 3046 veritate
1253 2969 1360 3044 tacita
1383 2967 1631 3064 impetaavcait,
1654 2987 1715 3040 cas
1735 2961 1954 3040 decemimus

540 3109 610 3162 uon
627 3089 756 3164 valere.
776 3090 832 3165 Ad
852 3091 958 3186 hujus
976 3092 1094 3190 itaque
1113 3093 1346 3170 concessionis
1366 3101 1403 3168 et
1422 3090 1674 3168 coustitltionia
1690 3097 1807 3164 nostae
1822 3107 1952 3162 memo

539 3211 626 3284 dam
649 3221 685 3286 et
701 3213 807 3286 subur
829 3214 866 3288 in
884 3226 1089 3312 perpatoum
1107 3218 1317 3309 valiturum,
1334 3237 1476 3316 paaseua
1493 3216 1661 3313 scriptum
1682 3212 1758 3288 fieri
1782 3222 1819 3288 et
1841 3213 1953 3308 sigillo

541 3335 756 3410 celsitudinis
772 3348 889 3413 nostre
899 3341 1068 3434 jussimus
1080 3341 1299 3416 communiri.

591 3461 716 3534 Datum
739 3461 836 3558 apud
858 3463 1082 3561 maetingen,
1102 3485 1197 3542 anno
1222 3465 1396 3541 dominica
1415 3463 1661 3540 incarnationis
1680 3459 1864 3536 millasimo
1886 3457 1954 3533 dn·

542 3585 729 3660 centesimo
742 3587 909 3663 vicesimo
921 3596 1034 3682 sexto,
1049 3589 1128 3664 XVI
1142 3587 1309 3664 kalendas
1321 3589 1450 3680 martii,
1465 3588 1654 3664 indictione
1666 3585 1802 3660 decima
1816 3583 1950 3682 quinta.

596 4109 794 4220 chricus,
811 4113 1072 4204 Romanorum
1084 4147 1166 4230 rex,
1181 4121 1409 4208 coenobium
1427 4123 1587 4208 Sanctae
1602 4121 1742 4209 limiae
1758 4121 1800 4204 in
1818 4119 1954 4205 Soreth

542 4271 632 4330 oum
645 4247 825 4334 omnibus
840 4249 952 4335 bonis
968 4252 1051 4364 ejus
1065 4255 1274 4341 mobilibus
1291 4267 1329 4341 et
1347 4257 1608 4343 immobilibus
1631 4257 1672 4340 iu
1699 4281 1770 4341 sua
1795 4263 1952 4366 proteo-

541 4380 645 4466 tioue
663 4381 835 4494 suscipit,
843 4381 1008 4497 juraque
1025 4386 1107 4499 ejus
1125 4397 1162 4474 et
1176 4389 1375 4502 privilegia
1391 4389 1605 4476 coufirmat.

624 4569 723 4650 (bno.
734 4573 855 4650 Lunae,
868 4573 1076 4652 llaiclaurcta'u,
1087 4583 1113 4640 t.
1126 4579 1238 4654 XVIII,
1248 4597 1281 4660 p.
1295 4581 1378 4657 tta.)

592 4731 631 4804 lu
649 4729 790 4806 nomina
808 4742 925 4808 sancte
945 4743 980 4808 et
1000 4735 1184 4810 individue
1201 4735 1389 4812 Tdnitatis.
1408 4737 1576 4812 llemicus
1594 4735 1714 4812 diviua
1731 4737 1869 4810 lavante
1887 4736 1953 4810 cle·
