4466 5914
484 587 546 650 612
990 588 1205 654 FlllDlilllCl
1230 587 1404 651 SliCllNlll
1712 587 1794 668 [lias.
1812 588 1899 652 122&

488 735 561 798 tere
577 732 749 798 teneretur
762 725 808 800 de
819 730 911 821 jura,
928 727 1168 804 interdicendo
1179 736 1287 800 leuas
1303 735 1338 800 et
1350 745 1516 824 personas
1528 745 1647 798 eorum
1663 727 1901 800 excommnni-

487 849 631 921 cationis
643 848 785 921 vinculo
798 849 1012 926 inundando.
1025 849 1082 926 Ad
1092 851 1189 946 quod
1202 850 1235 923 ei
1250 848 1418 922 duximus
1429 847 1638 922 unanimiter
1647 848 1900 922 consulendum

487 973 679 1068 quodcum
699 974 852 1072 ipsorum
867 977 1139 1051 bombardorum
1158 974 1405 1048 immoderatus
1423 995 1588 1048 excessm
1608 973 1742 1068 liquido
1757 971 1900 1046 demon·

488 1108 609 1171 straret
624 1098 821 1172 evidentem
838 1101 1090 1175 contumaciam
1106 1111 1140 1174 et
1152 1100 1297 1192 injurias
1313 1098 1528 1189 eorumdem,
1542 1097 1737 1172 secundum
1754 1097 1899 1170 formam

486 1223 640 1296 mandati
661 1224 840 1319 apostolici
863 1224 1103 1299 sententiando
1123 1224 1308 1320 procedere
1332 1232 1450 1297 contra
1472 1244 1532 1298 eos
1556 1222 1696 1316 dejure
1715 1231 1848 1318 poterat
1865 1231 1901 1294 et

486 1349 646 1422 debebat.
669 1349 718 1421 Ea
743 1359 882 1444 propter
904 1351 950 1423 ad
975 1349 1085 1444 ipsius
1110 1349 1262 1446 episcopi
1290 1349 1488 1422 instantiam
1513 1357 1548 1421 et
1571 1347 1828 1422 excusationem
1857 1367 1900 1420 ac

484 1495 665 1569 processus
678 1473 873 1546 firmitatem
887 1473 1057 1567 ejusdem,
1074 1473 1242 1548 duximus
1258 1473 1323 1548 hec
1336 1481 1452 1546 nostra
1468 1473 1611 1546 consilia
1622 1473 1744 1569 sigillis
1760 1493 1899 1570 presen-

484 1599 578 1670 tibus
593 1597 813 1695 solempniter
827 1599 1051 1673 communire.

534 1724 657 1795 Actum
673 1722 769 1818 apud
784 1723 954 1813 Parmam,
973 1746 1065 1797 anno
1083 1721 1256 1798 dominice
1274 1721 1520 1796 incarnationis
1535 1721 1716 1795 millesimo
1736 1721 1900 1796 ducente·

485 1849 573 1921 simo
589 1848 726 1939 XXVI⁰,
746 1847 779 1920 X
796 1849 900 1941 Junii‚
917 1850 1022 1921 Xllll'
1036 1848 1247 1921 indictionis.

730 2137 1654 2152 mmm-fi

537 2427 699 2511 Praelati
717 2435 755 2510 et
771 2426 935 2510 barones
958 2427 998 2508 in
1017 2429 1182 2510 exercitu
1209 2428 1389 2512 Ludovici
1407 2428 1587 2512 Franciae
1604 2428 1706 2540 regis
1723 2429 1897 2512 crucesi-
1997 2501 2003 2508 .

482 2561 589 2674 gnati
607 2561 796 2646 Friderico
818 2560 1077 2644 Romanorum
1106 2561 1323 2671 imperatori
1345 2573 1540 2672 exponunt
1556 2562 1716 2674 injurias
1729 2563 1779 2648 ab
1796 2563 1897 2648 tvi-

481 2695 730 2780 nionensibus
748 2695 872 2780 eidem
885 2695 967 2806 regi
989 2707 1027 2779 et
1048 2697 1320 2808 crucesignatis
1338 2697 1484 2804 dlalas,
1500 2699 1744 2806 deprecantes
1762 2723 1812 2782 ne
1828 2697 1899 2781 ulli

480 2830 600 2914 falsae
628 2829 862 2940 suggestioni
881 2831 930 2912 de
951 2829 1150 2913 obsidione
1167 2830 1328 2914 civitatis
1351 2831 1548 2914 Arinionis
1566 2830 1682 2914 fidem
1698 2831 1894 2933 adhibeat,

480 2989 568 3047 cum
586 2989 653 3047 rex
670 2961 878 3073 contrajac
896 2963 1135 3072 imperatoris
1152 2963 1280 3046 venire
1297 2989 1368 3046 nec
1384 2964 1475 3047 velit
1492 2990 1562 3046 nec
1579 2963 1728 3047 debeat.

560 3178 652 3259 (Edit
668 3197 717 3258 sp.
732 3180 778 3240 Ds
788 3179 847 3242 Vrc
858 3187 889 3240 et
903 3181 1067 3252 Varsssrs,
1087 3179 1165 3241 Hist.
1181 3181 1275 3262 pitter.
1292 3177 1327 3240 dc
1340 3179 1520 3264 Laaprtmoc,
1536 3187 1561 3244 t.
1577 3181 1615 3256 V,
1633 3197 1761 3260 preuves
1777 3187 1812 3242 ιι·
1827 3187 1897 3252 tut,

600 3304 631 3364 p.
651 3294 722 3360 6³8,
742 3283 814 3348 tntt.
834 3287 876 3346 du
897 3285 1000 3366 ld'egc,
1015 3304 1054 3348 ex
1071 3287 1149 3350 thes.
1166 3287 1261 3350 chart.
1277 3288 1397 3368 Atbrg„
1417 3299 1452 3350 n·
1468 3298 1516 3352 tn.
1531 3288 1664 3350 Aderant
1681 3289 1787 3366 viginti
1803 3287 1899 3366 sigilla

601 3395 679 3454 inter
692 3409 769 3472 quae
784 3393 916 3471 sigillum
930 3393 1070 3455 Amalrlcl
1082 3395 1119 3455 de
1129 3392 1335 3475 lllonteiorte.)

532 3581 756 3656 Serenissimo
782 3581 924 3656 domino
948 3583 1128 3658 Frederico
1155 3584 1216 3657 Dei
1248 3585 1358 3679 gratia
1381 3585 1614 3658 Romanorum
1638 3584 1835 3680 imperatori
1863 3593 1898 3656 et

483 3729 620 3804 semper
641 3717 808 3804 augusto,
835 3708 876 3782 G.
902 3709 1022 3783 divina
1051 3710 1276 3805 permissione
1293 3710 1471 3784 Remensis
1491 3719 1526 3781 et
1543 3707 1584 3781 G.
1606 3709 1812 3782 Senonensis
1835 3731 1898 3782 ar-

484 3833 706 3930 chiepiscopi,
726 3833 980 3927 laudunensis,
1003 3835 1232 3924 carnotensis,
1252 3835 1497 3932 Lingonen'sis‚
1518 3835 1766 3926 Atrebatensis,
1787 3832 1897 3907 Auro-

482 3959 644 4032 lianansis
671 3967 706 4031 et
734 3957 922 4032 Meldensis
951 3959 1126 4055 episcopi,
1152 3960 1332 4057 Philippus
1360 3981 1476 4034 comes
1499 3959 1661 4052 Boionia,
1689 3959 1753 4030 Th.
1782 3979 1898 4032 comes

483 4083 686 4179 Campania,
712 4083 752 4156 G.
779 4105 894 4156 comes
912 4084 1027 4156 Sancti
1053 4085 1170 4168 Pauli,
1195 4106 1310 4158 comes
1334 4085 1596 4173 Namurcsnsis,
1616 4105 1732 4158 comes
1748 4083 1898 4156 Montis-

484 4210 593 4300 lortis,
614 4229 730 4282 comes
745 4207 860 4282 Gnido
875 4208 1107 4303 Sagiceensis,
1129 4231 1244 4284 comas
1261 4209 1538 4302 vindocinensis,
1559 4210 1729 4284 Robertus
1746 4207 1791 4282 de
1808 4207 1898 4281 Cor-

483 4343 609 4430 tenayo
626 4333 768 4406 Francic
781 4333 1022 4426 buticularius,
1040 4335 1278 4429 Ingerammus
1292 4333 1337 4407 de
1354 4335 1510 4424 Cociac0,
1524 4335 1720 4431 Stephanus
1734 4333 1780 4407 de
1792 4335 1897 4406 Sacro

483 4459 621 4545 Cesum,
644 4459 743 4532 Ursio
761 4459 996 4534 cambellanus
1014 4468 1048 4532 et
1065 4461 1237 4534 lohannes
1255 4459 1300 4534 de
1317 4460 1470 4554 Nigella,
1488 4461 1633 4533 salutem
1652 4468 1686 4531 et
1704 4457 1894 4530 cumomni

482 4585 614 4658 honore
633 4583 764 4656 sincere
788 4583 981 4657 dilectionis
1000 4585 1263 4681 plenitudinem.
1285 4585 1369 4658 Cum
1386 4586 1475 4658 sicut
1491 4585 1537 4658 ad
1554 4592 1703 4658 vestram
1721 4582 1895 4656 credimus

482 4709 682 4807 parvenisse
702 4709 875 4800 notitiam,
896 4710 1094 4784 carissimus
1122 4711 1286 4786 dominus
1314 4719 1428 4786 noster
1449 4707 1650 4784 Ludovicus
1672 4729 1735 4781 ren
1755 4705 1897 4780 Francia
