4326 5910
225 593 326 658 lsnrcr.
345 593 406 678 lh]
675 594 872 657 tlls'rultth
896 590 1186 654 blptottltvtcu.
1577 591 1638 656 823

225 731 355 827 lempni
368 730 650 804 convenientium
661 743 696 805 et
711 733 783 807 voti
796 735 850 804 sui
864 732 1024 804 allectum
1037 726 1435 824 exprimentium,ratam
1446 727 1631 802 habemus:

223 857 386 931 videlicet
410 863 450 928 ut
466 855 602 929 decime
627 878 698 952 que
724 879 804 930 cum
827 856 995 930 hactenus
1021 854 1204 950 dispersim
1228 873 1292 950 per
1316 853 1438 928 vineas
1461 875 1533 926 non
1560 853 1636 926 sine

223 982 377 1078 periculo
395 980 628 1054 diffidentium
645 981 839 1055 animarum
854 981 970 1052 minus
985 969 1098 1074 plena,
1113 989 1153 1053 ut
1169 977 1368 1071 timebatur,
1385 977 1460 1052 dari
1479 1000 1634 1052 consue-

222 1107 371 1198 vissent,
397 1126 492 1177 nunc
514 1105 552 1178 in
574 1105 729 1180 exitibus
748 1105 930 1179 vinearum
943 1105 1046 1198 juxta
1068 1103 1161 1177 dolia
1180 1102 1344 1200 deinceps
1365 1102 1455 1176 sicut
1478 1113 1512 1176 et
1534 1126 1634 1178 suam

220 1231 428 1326 portionem,
442 1231 620 1304 laboribus
635 1230 789 1327 ipsorum
800 1251 949 1325 quorum
967 1231 1069 1304 vinee
1084 1237 1166 1302 sunt
1180 1238 1215 1304 et
1232 1229 1409 1325 expensis,
1420 1229 1524 1302 etiam
1540 1230 1635 1326 ipsas

220 1355 375 1429 decimas
398 1376 540 1429 necesse
562 1355 713 1429 habeant
736 1356 916 1452 deportare
937 1367 972 1429 et
995 1356 1045 1428 ihi
1066 1355 1197 1427 nuntiis
1217 1354 1362 1428 ecclesio
1385 1353 1430 1427 de
1454 1355 1539 1450 ipsis
1560 1355 1636 1428 sine

221 1478 451 1554 diminutione
486 1481 604 1575 aliqua
635 1479 846 1577 respondere
875 1480 942 1580 (l).
972 1482 1100 1554 Verum
1130 1480 1167 1554 in
1195 1479 1549 1576 recompensationem
1581 1481 1635 1554 la-

219 1603 343 1676 borum
363 1615 398 1678 et
417 1627 650 1702 expensarum
666 1607 717 1680 sio
735 1609 914 1699 factarum,
929 1607 1073 1681 ecclesia
1091 1606 1170 1680 vice
1190 1627 1289 1680 versa
1306 1606 1445 1680 totalem
1463 1605 1633 1680 minutam

219 1728 389 1802 decimam
408 1730 557 1825 quamsi
574 1729 659 1804 dicti
676 1731 893 1828 parrochiani
912 1732 1106 1827 persolvere
1120 1730 1337 1824 tenebantur,
1350 1730 1436 1826 ipsis
1447 1752 1527 1802 curm
1540 1731 1633 1805 inte-

218 1855 342 1948 gritate
355 1854 508 1947 remisit,
527 1855 773 1930 nichilominus
790 1857 959 1931 tamenin
977 1855 1152 1930 consuetis
1166 1854 1393 1929 luminaribus
1405 1855 1546 1952 sepelati
1565 1856 1632 1929 loci

218 1979 421 2073 parrochiali
440 1981 597 2074 ecclesie,
617 1982 721 2056 unica
739 1981 900 2056 videlicet
916 2003 1014 2055 cerea
1028 1981 1172 2056 candela
1187 1989 1321 2054 tantum
1336 1982 1373 2053 in
1391 1981 1569 2054 matutinis
1585 1980 1632 2056 ad

217 2103 344 2177 librum
358 2106 551 2179 necessaria
563 2116 597 2178 et
607 2106 769 2202 lampade
782 2105 828 2182 de
843 2114 943 2180 nocte
955 2106 1112 2196 ardente,
1129 2125 1262 2179 necnon
1277 2105 1315 2178 in
1330 2105 1451 2199 tauris,
1465 2106 1631 2180 arietibus

215 2237 251 2301 et
269 2230 362 2325 apris
384 2229 582 2304 domesticis
596 2234 697 2326 juxta
716 2232 1002 2306 consuetudinem
1026 2231 1205 2326 antiquam
1221 2231 1368 2304 ecclesia
1384 2229 1557 2328 Aquensis
1575 2243 1630 2306 te-

215 2355 352 2426 nebitur
369 2355 565 2450 providere.
581 2357 631 2430 Ne
647 2358 753 2452 igitur
771 2358 876 2452 hujus
889 2357 1115 2434 ordinationis
1129 2366 1200 2430 tam
1216 2357 1409 2430 necessaria
1425 2357 1630 2454 conscriptio

216 2479 252 2552 io
280 2489 455 2575 posterum
484 2478 627 2556 dissolvi
656 2505 878 2578 quacumque
900 2484 1062 2558 cavillosa
1089 2482 1269 2556 occasione
1286 2490 1516 2578 attemptetur,
1538 2494 1573 2556 et
1590 2496 1630 2556 ut

215 2605 418 2680 inconcusse
434 2603 604 2680 firmitatis
618 2607 902 2700 roburobtineat,
922 2608 1017 2704 regis
1035 2607 1224 2700 majestatis
1237 2609 1438 2682 auctoritate
1460 2607 1628 2682 duximus

214 2727 486 2806 confirmandam
510 2739 546 2804 et
573 2731 678 2828 sigilli
706 2733 813 2806 nostri
838 2733 1030 2806 munimine
1046 2731 1288 2806 roborandam.
1310 2734 1455 2830 Insuper
1476 2733 1522 2806 ad
1547 2757 1628 2810 ma-

209 2853 297 2946 ioris
314 2855 509 2930 stabilitatis
530 2855 747 2950 firmitatem,
768 2857 893 2932 dilecto
915 2881 957 2932 ac
984 2857 1079 2932 fideli
1104 2857 1252 2954 principi
1281 2866 1398 2930 nostro
1422 2858 1628 2952 Engalberto

212 2979 405 3054 Coloniensi
422 2982 680 3080 archiepiscopo
702 3006 744 3058 ac
761 2984 921 3080 quisquis
939 2981 1014 3080 (ric)
1030 2983 1145 3058 eidem
1165 3004 1227 3078 pro
1245 2991 1398 3080 tempore
1419 2983 1522 3057 luerit
1541 2985 1627 3058 sub·

211 3105 373 3199 stitutus,
391 3108 561 3204 presentis
583 3110 700 3207 scripti
722 3111 924 3186 auctoritate
942 3109 1066 3184 damus
1092 3110 1129 3182 in
1151 3108 1324 3184 mandatis
1347 3108 1490 3183 firmiter
1511 3109 1627 3203 injun-

212 3231 331 3322 gendo
349 3235 515 3330 quatinus
532 3235 569 3308 in
591 3235 657 3310 hac
679 3236 898 3310 ordinatione
921 3237 1075 3334 predicte
1091 3235 1236 3310 ecclesie
1251 3234 1404 3330 Aquensi
1424 3244 1577 3332 potenter
1592 3245 1627 3308 et

211 3365 370 3452 patenter
386 3360 541 3452 assistat3
556 3368 591 3434 et
608 3360 638 3434 si
654 3361 733 3456 quis
749 3369 867 3436 contra
884 3370 1050 3458 temptare
1062 3383 1151 3436 ausu
1165 3361 1346 3435 temerario
1360 3360 1624 3457 presumpserit,

209 3492 378 3580 tanquam
415 3483 604 3581 imperialis
631 3488 785 3585 precepti
814 3496 1100 3584 uansgmssurem
1127 3485 1429 3560 animadversione
1454 3483 1627 3582 condigna

209 3611 374 3706 percellat
388 3619 424 3686 et
438 3632 460 3684 a
478 3611 590 3708 gratia
606 3621 723 3687 nostra
736 3612 875 3708 publice
891 3613 1077 3710 proclamet
1089 3621 1274 3686 extorrem

259 3731 343 3808 Acta
362 3755 454 3807 anno
472 3735 582 3830 gratie
594 3735 836 3810 lll.CC.Xllllll
852 3734 920 3834 (2).

246 4042 283 4116 (t)
302 4043 389 4102 locus
402 4045 454 4104 isto
473 4047 540 4105 satis
554 4046 687 4106 obscurus
697 4049 826 4122 majorem
840 4048 927 4106 lucem
947 4047 1043 4121 recipit
1056 4062 1091 4104 ex
1110 4045 1278 4104 ordinatione
1288 4045 1416 4104 Friderici
1428 4045 1540 4104 secundi
1551 4046 1586 4103 de
1597 4061 1628 4104 ro

208 4139 317 4211 mrtem,
331 4157 401 4214 quae
415 4147 457 4200 est
470 4143 506 4202 ita
521 4161 530 4201 ε
545 4165 559 4200 a
575 4146 611 4205 Ut
624 4145 736 4220 quilibet
748 4145 879 4204 decimam
891 4145 996 4204 solvant
1006 4145 1033 4202 in
1046 4142 1113 4202 locis
1123 4158 1177 4220 que
1192 4143 1301 4218 llcggen
1313 4143 1458 4217 vulgariter
1469 4159 1626 4218 nuncupan-

210 4255 225 4288 ι
240 4243 285 4294 tur
299 4238 346 4296 uhi
358 4241 496 4314 portiones
507 4258 570 4302 suas
583 4243 618 4302 ad
630 4244 700 4304 dulia
710 4259 759 4303 sua
770 4244 907 4314 deterunt,
922 4243 959 4302 ibi
972 4249 1002 4300 ot
1015 4242 1134 4300 decimas
1146 4240 1260 4300 ecclesis
1274 4240 1389 4300 fideliter
1401 4257 1463 4298 cum
1476 4241 1626 4315 integritate

209 4354 223 4388 ι
239 4335 410 4412 persolvant,
426 4341 461 4398 ad
477 4341 550 4416 qnod
563 4347 592 4400 ct
605 4343 649 4400 alii
662 4343 709 4418 qui
721 4359 771 4419 por
778 4346 901 4418 jumenta
911 4341 955 4401 vul
967 4341 1020 4400 alio
1032 4341 1112 4401 modo
1124 4341 1261 4416 portiones
1273 4355 1337 4398 suas
1350 4339 1491 4411 deterunt,
1508 4345 1626 4398 mumu-

209 4450 224 4485 ι
239 4439 284 4491 tur
294 4436 375 4494 etiam
389 4439 525 4497 astricti.»
537 4440 606 4501 Vide
618 4456 699 4514 supra
712 4441 881 4517 privilegium
895 4441 950 4498 dat.
966 4457 1011 4516 ap.
1021 4439 1171 4508 Franciort,
1188 4443 1222 4496 49
1235 4437 1327 4514 aprilis
1338 4439 1419 4496 4220.

245 4533 280 4606 (t)
298 4534 352 4607 Sic,
365 4551 416 4594 nec
428 4537 506 4612 plura
519 4539 601 4598 etiam
614 4539 642 4597 in
654 4539 785 4615 originali,
799 4540 871 4615 quod
883 4539 955 4614 apud
966 4539 1041 4599 arch.
1050 4539 1221 4599 Bmohnensa
1234 4551 1305 4596 anno
1319 4537 1437 4608 48³2,ut
1449 4535 1509 4611 ipse
1521 4542 1623 4610 munet,

206 4629 276 4688 vidit
290 4631 467 4694 boehmerns.

796 4787 1036 4798 ..m-*fi
