4466 5914
285 575 384 636 lucter.
403 573 465 652 14]
745 567 940 630 HISTORIA
966 565 1258 630 ntvnottet'tctt.
1643 567 1704 632 dev

337 708 534 784 Fridericus
550 705 612 780 Dei
632 705 740 799 gratia
757 705 988 779 Romanorum
1005 703 1203 800 imperator,
1222 727 1358 802 semper
1375 713 1558 799 augustus,
1574 705 1702 778 theru-

290 837 397 910 salem
412 846 448 906 et
465 832 580 906 Sicilie
600 853 683 924 rex,
700 831 896 904 Hermanno
914 839 949 903 et
965 829 1111 902 Henrioo
1124 830 1308 903 comitibus
1329 829 1374 903 de
1388 830 1647 924 Woldenbergh
1660 851 1702 902 ac

288 958 463 1033 universis
474 957 551 1030 eliis
567 956 701 1052 imperii
719 954 881 1030 fidelibus
894 977 956 1052 per
968 954 1156 1027 Saxoniam
1169 955 1362 1028 constitutis
1380 963 1556 1050 presentes
1573 955 1702 1028 litteras

289 1082 498 1180 inspecturis
514 1081 659 1176 gratiam
674 1103 773 1154 suam
791 1091 825 1154 et
840 1079 1098 1153 omnebonum.
1120 1079 1205 1152 Cum
1217 1090 1356 1176 propter
1375 1102 1518 1174 guerras
1535 1101 1606 1174 que
1624 1101 1702 1153 ver·

289 1220 410 1284 tuntur
427 1210 517 1282 inter
531 1207 706 1282 Bodonem
722 1207 767 1281 de
785 1205 979 1280 Hcmborch
996 1227 1043 1280 ex
1061 1215 1158 1302 parte
1174 1228 1245 1281 una
1259 1215 1294 1280 et
1311 1206 1469 1280 comitem
1487 1207 1702 1280 Bernerdum

291 1336 336 1410 de
348 1333 605 1430 Speigelberge,
617 1331 812 1404 Conredum
824 1330 1037 1426 deAltalago
1048 1340 1083 1404 et
1094 1330 1513 1405 Ghiselerumdelltlrsem
1525 1331 1700 1424 exaltare,

290 1459 399 1532 multa
414 1455 634 1530 incommoda
643 1464 677 1528 et
688 1453 934 1550 impedimento
946 1455 1153 1550 provenient
1165 1454 1287 1548 gravia
1299 1454 1438 1550 negotio
1449 1455 1551 1528 Terre
1563 1456 1699 1550 Sancte,

292 1593 327 1656 et
343 1579 603 1678 quodammodo
619 1588 758 1676 propter
775 1579 841 1652 hoc
854 1579 926 1672 jem
945 1589 1014 1652 tuta
1030 1579 1209 1676 provincia
1226 1579 1263 1652 in
1283 1578 1493 1652 desolatione
1513 1580 1557 1652 sit
1570 1581 1699 1676 posite,

289 1719 326 1782 et
342 1729 412 1780 nun
433 1707 545 1780 solum
567 1704 712 1779 ecclesie
733 1726 803 1799 que
821 1703 1062 1793 destruuntur,
1080 1703 1194 1778 sedet
1214 1725 1399 1799 pauperes,
1421 1703 1530 1777 vidue
1547 1704 1650 1776 simul
1667 1713 1703 1780 ct

290 1831 438 1928 orphani
464 1830 509 1904 de
534 1831 690 1926 pertibus
709 1830 776 1902 illis
792 1840 828 1903 et
848 1829 1040 1926 specialiter
1061 1829 1153 1902 bona
1178 1829 1387 1902 venerabilis
1409 1828 1701 1905 Hildeusemensis

289 1955 444 2053 episcopi
459 1955 574 2030 dilecti
589 1954 756 2050 principis
773 1953 879 2027 nostri
897 1963 932 2026 et
949 1975 1092 2026 suorum
1104 1953 1366 2049 hominumque
1380 1953 1603 2050 diripiuntur,
1616 1979 1701 2051 gre-

290 2081 396 2172 viter,
421 2100 540 2176 ymmo
569 2077 774 2173 gravissime
803 2077 1002 2170 hujusmodi
1031 2099 1156 2174 penam
1184 2079 1298 2170 luunt;
1326 2099 1407 2152 eece
1429 2079 1526 2173 quod
1550 2101 1614 2154 nos
1636 2083 1700 2177 qui

289 2205 437 2302 predicti
454 2203 578 2276 Christi
592 2203 769 2298 negotium
786 2213 992 2299 postponere
1007 2225 1076 2275 non
1092 2224 1277 2298 possumus
1292 2225 1357 2278 nec
1377 2203 1558 2295 debemus,
1577 2206 1700 2282 illustri

290 2329 373 2404 duci
398 2328 445 2403 de
468 2329 651 2404 Brunswie
671 2327 797 2401 dilecto
819 2327 966 2424 principi
989 2337 1105 2401 nostro
1123 2349 1186 2424 per
1201 2327 1318 2400 literas
1340 2328 1553 2424 injungimus
1573 2335 1699 2426 majes-

290 2455 367 2528 tetis
385 2463 501 2526 nostre
521 2453 591 2550 (l),
612 2463 651 2526 ut
668 2452 715 2526 ed
738 2453 1016 2548 componendum
1032 2463 1067 2525 et
1084 2452 1338 2550 pacificandum
1360 2453 1450 2528 inter
1465 2455 1701 2532 discernentes

289 2579 462 2676 predictos
486 2579 702 2674 interponere
726 2575 864 2650 studeat
888 2587 1003 2674 partes
1028 2599 1126 2670 sues;
1146 2579 1194 2651 ite
1210 2577 1308 2674 quod
1331 2579 1361 2650 si
1382 2579 1489 2652 iidem
1508 2603 1613 2678 super
1634 2584 1701 2658 hoo

290 2703 403 2778 eidem
421 2703 503 2779 duci
519 2704 622 2796 juxta
641 2702 844 2776 mandatum
866 2713 1021 2776 nostrum
1043 2703 1263 2797 acquiescere
1279 2724 1349 2776 non
1364 2705 1561 2778 curaverint
1576 2705 1701 2784 devote

290 2851 332 2902 ac
346 2827 522 2901 humiliter
533 2827 622 2900 sicut
634 2826 745 2918 decet,
761 2829 957 2902 convocetis
968 2826 1014 2902 ad
1028 2827 1238 2902 selidelibus
1250 2828 1385 2924 imperii
1399 2851 1446 2902 ex
1460 2839 1696 2925 pertenostru‚

291 2963 325 3028 et
348 2953 378 3025 si
394 2974 483 3050 opus
502 2952 606 3026 luerit
628 2951 802 3025 innocenti
824 2951 915 3048 perti
939 2973 1019 3024 cum
1042 2951 1175 3026 eisdem
1197 2950 1321 3023 nostris
1343 2950 1506 3025 fidelibus
1526 2955 1701 3030 mediante

288 3079 421 3172 justitia
435 3077 472 3149 in
483 3077 655 3150 auxilium
668 3077 827 3166 veniens,
838 3077 1004 3150 malitiam
1017 3085 1052 3150 et
1065 3075 1264 3173 superbiam
1276 3075 1383 3172 pertis
1393 3076 1540 3151 adverse
1548 3089 1700 3154 conterat

293 3209 391 3298 prout
418 3200 547 3274 viderit
572 3200 879 3296 comprimendum.
902 3198 1054 3296 Ideoque
1081 3199 1297 3274 universitati
1323 3208 1437 3274 vestre
1464 3201 1531 3274 sub
1556 3211 1700 3298 optentu

293 3325 401 3421 gratie
417 3334 532 3398 nostre
542 3324 696 3400 districte
710 3324 931 3422 precipiendo
944 3324 1151 3398 mundamus
1163 3335 1335 3420 quatenns
1348 3346 1394 3398 ne
1406 3325 1585 3400 servitium
1594 3328 1701 3402 lhesu

293 3449 416 3522 Christi
432 3449 480 3524 ed
496 3448 592 3545 quud
612 3450 801 3543 adjuvante
822 3450 899 3546 ipso
920 3457 1075 3545 potenter
1101 3448 1316 3543 accingimur
1329 3457 1364 3522 et
1380 3450 1539 3543 libenter,
1562 3463 1702 3550 propter

291 3595 434 3670 guerras
449 3584 484 3648 et
505 3575 696 3650 discordias
716 3573 950 3672 predictorum
966 3574 1081 3648 valeat
1098 3573 1135 3646 in
1153 3573 1239 3669 ipsis
1253 3573 1410 3670 pertibus
1427 3577 1570 3650 ulterius
1586 3578 1702 3675 impe-

292 3698 373 3791 diri,
390 3699 435 3774 ad
452 3700 711 3796 requisitionem
729 3699 829 3773 ducis
843 3698 989 3797 predicti
1005 3699 1169 3772 continuo
1184 3707 1292 3772 estote
1309 3700 1440 3795 parati,
1460 3699 1541 3773 ituri
1561 3724 1642 3776 cum
1658 3727 1702 3779 eu

292 3833 410 3898 contra
426 3847 515 3920 quos
530 3832 564 3898 et
577 3846 640 3921 pro
655 3824 784 3920 quibus
799 3823 900 3898 vobis
917 3823 993 3920 ipse
1008 3823 1149 3897 duxerit
1164 3823 1438 3918 injungendum
1456 3824 1504 3898 ita
1519 3848 1623 3922 super
1635 3828 1703 3902 hoe

290 3971 355 4024 vos
372 3959 530 4046 gerentes
550 3949 676 4025 devote
692 3959 733 4023 ut
755 3950 899 4046 gretiam
916 3949 980 4022 Dei
1002 3959 1037 4023 et
1054 3957 1207 4024 nestram
1223 3949 1324 4023 vohis
1340 3949 1487 4045 proinde
1504 3973 1702 4048 comparare

290 4075 441 4170 possitis.

338 4201 465 4274 Datum
483 4199 580 4298 apud
600 4199 753 4295 burgum
767 4201 882 4274 Sancti
898 4199 1073 4294 Dumnini,
1089 4199 1134 4274 v1
1150 4197 1209 4274 die
1220 4198 1313 4294 julii,
1329 4199 1422 4272 Xllll
1437 4198 1650 4275 indictionis.

646 4425 1498 4436 nmmum—o-nu-u-n—-a———u—-o—-u--a

325 4563 364 4638 (t)
384 4563 424 4624 Gi.
437 4581 512 4643 supr.
525 4583 555 4644 p.
569 4568 636 4640 ull,
651 4565 753 4626 litteras
764 4582 833 4642 quae
845 4565 880 4624 ad
894 4581 952 4625 rem
965 4565 1044 4625 istem
1055 4565 1190 4642 pertinere
1203 4565 1336 4624 videntur.
