4326 5910
546 560 606 622 rra
1066 555 1238 618 ananrcr
1263 555 1430 618 suuntur
1767 553 1847 640 [ab.
1868 555 1950 622 rara

597 694 766 771 Henricns
781 692 948 790 septicius
963 691 1084 768 diviua
1100 694 1239 768 invente
1254 693 1435 768 clementia
1447 693 1679 768 Romanorum
1692 713 1757 768 mx
1769 701 1806 768 et
1820 714 1955 790 semper

549 829 731 916 angustus,
743 818 915 894 universis
928 828 1121 916 presentem
1136 819 1300 916 paginam
1316 817 1524 916 inspecturis
1538 817 1685 914 gratiam
1694 839 1794 892 sunm
1806 827 1842 892 ct
1853 839 1955 892 omne

548 947 692 1022 bonnm.
710 943 891 1020 decedens
911 943 959 1018 ad
982 965 1045 1018 nos
1068 943 1216 1018 dilectus
1234 951 1348 1018 noster
1366 945 1410 1017 tt.
1433 942 1606 1038 Aquensis
1622 952 1658 1016 et
1678 943 1794 1016 Sancti
1810 941 1955 1016 Servati

549 1070 743 1168 prepositus
764 1069 801 1142 in
817 1068 970 1162 Trajecto
985 1089 1008 1142 a
1025 1068 1126 1142 nobis
1144 1067 1320 1140 humiliter
1335 1067 1524 1164 postulavit
1542 1075 1714 1162 qnatenus
1734 1066 1955 1163 privilegium

548 1195 756 1270 serenissimi
774 1193 906 1268 domini
920 1202 956 1267 et
972 1193 1078 1289 patris
1092 1193 1200 1268 nostri
1217 1191 1380 1267 Friderici
1396 1193 1628 1266 Romanorum
1642 1190 1871 1287 imperatoris,
1887 1201 1956 1264 tarn

548 1321 614 1394 sibi
629 1341 736 1416 qnam
751 1318 957 1412 Trajectcnsi
969 1317 1113 1393 ecclesie
1129 1316 1316 1412 indultum,
1334 1316 1536 1392 confirmare
1551 1317 1753 1392 auctoritato
1764 1315 1862 1412 regia
1877 1315 1956 1414 dig·

548 1466 729 1535 naremnr3
751 1446 851 1539 cujus
868 1451 966 1518 tenor
982 1442 1061 1516 talis
1077 1452 1154 1516 est:

600 1566 776 1668 [Sequitur
795 1569 836 1642 dc
854 1570 949 1642 cerdo
971 1567 1018 1640 od
1033 1568 1169 1640 mabam
1185 1567 1395 1662 prioiicqinm
1413 1566 1578 1640 I'ridcrioi
1594 1565 1753 1655 muudi,
1780 1565 1902 1640 mcor
1921 1564 1958 1640 ic

550 1695 666 1770 costu‘s
690 1695 783 1791 apud
802 1694 1052 1782 Florentiam,
1072 1694 1095 1766 9
1120 1693 1296 1767 docendam
1321 1693 1437 1787 tant,
1462 1691 1549 1788 quod
1566 1714 1672 1788 snpra
1689 1691 1866 1766 υἰᾶεηάαω
1886 1702 1955 1779 cst,

550 1843 587 1917 a·
609 1815 687 1918 78·]

599 1945 669 2018 Nos
691 1943 799 2038 igitur
821 1941 1073 2038 indulgentiam
1097 1951 1277 2040 paternam
1296 1951 1334 2017 et
1355 1941 1501 2038 mudum
1525 1941 1666 2040 prefatis
1687 1940 1865 2016 canonicis
1890 1940 1961 2014 im-

551 2091 694 2167 pensam
710 2078 843 2165 gratam
861 2077 897 2142 et
915 2077 1025 2144 ratam
1042 2068 1221 2157 babentes,
1243 2069 1354 2164 ipsam
1370 2068 1573 2144 anctoritate
1586 2069 1681 2164 regia
1699 2065 1956 2160 confirmamus,

552 2194 739 2268 distrIctins
756 2193 951 2268 inhibentes
961 2193 1097 2290 nequis
1110 2193 1224 2270 eidem
1237 2194 1347 2289 gratie
1359 2202 1535 2290 presumat
1545 2193 1763 2288 aliquetenus
1774 2192 1955 2268 contraire.

551 2317 596 2390 ur
613 2317 763 2388 utnulla
782 2314 828 2388 de
850 2317 916 2390 hoc
943 2318 1050 2412 possit
1066 2317 1236 2392 dubitatio
1258 2317 1426 2405 suboriri,
1454 2327 1648 2416 presentem
1672 2317 1834 2416 paginam
1855 2318 1959 2412 sIg'dti

554 2441 660 2516 nostri
672 2437 883 2536 appensione
899 2441 1026 2514 muniri
1045 2442 1189 2516 fecimus
1203 2450 1238 2516 ct
1255 2443 1420 2516 roborari.

603 2567 728 2638 Datum
745 2564 841 2662 apud
858 2565 1078 2660 Northusam,
1099 2589 1190 2643 nuno
1207 2567 1345 2642 Domini
1368 2566 1585 2662 MCCXXIII,
1603 2567 1666 2642 XII
1684 2565 1850 2641 kalendas
1866 2574 1961 2642 outo-

553 2689 641 2784 bris,
660 2689 847 2766 indictione
863 2690 1082 2768 duodecima.

441 3279 457 3310 a
608 3247 813 3354 Henricus,
833 3246 1092 3330 Romanorum
1123 3273 1210 3356 rex,
1229 3247 1469 3360 privilegium
1493 3276 1518 3334 a
1542 3249 1732 3334 Friderioo
1756 3261 1864 3362 patre
1893 3279 1963 3340 suo

556 3381 786 3468 monasterio
808 3379 848 3461 in
866 3379 1112 3465 Wallrenried
1129 3381 1321 3466 indultum
1345 3383 1477 3468 inserit
1501 3393 1539 3468 et
1560 3383 1777 3490 confirmat,
1798 3411 1963 3473 necnon

557 3527 595 3601 et
625 3523 771 3598 caetera
800 3511 999 3623 privilegio
1034 3539 1058 3596 a
1092 3515 1444 3624 praedecessoribus
1471 3517 1550 3600 suis
1581 3517 1704 3602 cidem
1735 3522 1964 3608 monasterio

557 3675 755 3754 concessa3
776 3645 1029 3758 abbatemque
1045 3655 1083 3730 et
1100 3646 1235 3732 fratres
1252 3676 1341 3733 oum
1358 3676 1492 3734 comm
1513 3651 1816 3761 possessionibus
1836 3654 1877 3738 in
1895 3683 1965 3742 sua

558 3781 709 3894 speciali
726 3780 956 3892 protectione
972 3779 1117 3888 recipit.

641 3997 732 4080 (Edit.
748 4013 797 4073 ap.
812 3995 1008 4072 Lnnmrmn,
1023 3995 1126 4078 Antip.
1143 3993 1303 4074 wetere,
1314 4013 1346 4075 p.
1358 3999 1594 4076 ssa-Lnnrc,
1608 3997 1842 4076 Roaiam-edict.
1853 4003 1964 4081 XVIII,

678 4123 710 4184 p.
724 4100 807 4182 aaa.)

608 4293 648 4366 ln
670 4289 810 4364 nomine
837 4295 954 4362 sancte
979 4295 1015 4360 et
1037 4284 1221 4362 iudivIdne
1246 4287 1431 4363 Trinitatis.
1461 4289 1629 4365 chricns
1654 4292 1820 4389 septimus
1844 4291 1966 4368 diuina

561 4421 699 4492 invente
716 4413 897 4489 clementia
917 4415 1145 4488 Romanorum
1162 4435 1227 4488 rex
1249 4423 1285 4489 st
1303 4437 1440 4514 semper
1453 4425 1634 4514 augustus.
1654 4419 1790 4492 Iustum
1810 4427 1846 4493 st
1868 4418 1965 4516 pium

561 4565 637 4616 esse
658 4540 831 4614 credimus
855 4560 989 4614 necnon
1014 4547 1049 4614 ct
1064 4539 1188 4614 rationi
1209 4549 1476 4616 consentaneum
1496 4551 1535 4616 nt
1551 4563 1593 4618 ea
1612 4565 1683 4640 qne
1701 4543 1966 4639 gloriosissimus

562 4665 724 4740 dominus
751 4675 786 4740 et
814 4673 912 4763 pater
941 4673 1056 4740 noster
1080 4663 1275 4740 Fridericus
1307 4667 1537 4744 Romanorum
1561 4667 1746 4767 imperator
1769 4677 1805 4744 et
1830 4690 1967 4768 semper
