4324 5916
588 615 648 678 878
1116 615 1287 680 ananiel
1314 619 1483 682 SEP'l'llll
1811 625 1891 712 [Aura.
1909 626 1992 692 1226.

636 754 761 824 Datum
787 752 883 848 apud
912 749 1132 844 Tridentum,
1155 773 1248 830 anno
1276 755 1412 830 Domini
1431 757 1620 831 M⁰COXX⁰
1642 769 1762 850 sexto,
1789 763 1895 836 tercio
1918 764 1995 838 idus

583 877 687 972 junii,
705 875 893 951 indictione
910 877 1029 951 Xllll'.

1617 1195 1764 1206 ..nau—..q-

639 1464 838 1569 Henrious,
858 1463 1118 1548 llomanomm
1132 1490 1214 1571 rex,
1234 1466 1285 1548 ad
1302 1465 1553 1552 imitationem
1565 1471 1761 1579 patrissui
1780 1470 1993 1555 Hermanno

585 1597 769 1710 magistro
787 1597 985 1708 hospitalis
1003 1597 1163 1682 Sanctae
1179 1599 1319 1686 Mariae
1331 1601 1653 1688 Theutonicorum
1666 1615 1704 1686 et
1716 1603 1898 1688 iratribus
1915 1604 1992 1714 ejus

581 1733 646 1844 jus
663 1741 885 1842 patronatus
902 1745 941 1816 et
964 1733 1152 1844 quidquid
1166 1731 1264 1843 juris
1282 1734 1322 1816 in
1340 1735 1425 1820 looo
1443 1737 1577 1821 llunitz
1590 1737 1703 1848 juxta
1716 1737 1885 1822 Bernum
1902 1739 1992 1822 etin

582 1867 737 1979 capellis
755 1867 1029 1978 pertinentibus
1048 1868 1096 1950 ad
1115 1867 1316 1978 imperium
1336 1880 1498 1980 spectat,
1516 1881 1698 1982 perpetuo
1724 1871 1992 1982 possidendum

581 2003 766 2090 corroodr't.

663 2222 761 2303 (nott.
784 2223 816 2284 m
836 2217 945 2284 Solum
967 2215 1172 2295 wotencha,
1187 2237 1256 2284 ann.
1275 2231 1363 2300 rans,
1378 2239 1409 2302 p.
1431 2224 1515 2300 aas.)

631 2409 813 2484 Heinrious
844 2409 1011 2506 septimus
1046 2409 1166 2484 divina
1200 2411 1336 2484 favente
1376 2411 1556 2485 clementia
1592 2411 1826 2484 Romanorum
1861 2433 1926 2486 rex
1961 2423 1992 2485 et

582 2557 718 2632 semper
734 2543 919 2630 augustus,
940 2535 1103 2608 omnibus
1125 2535 1394 2631 inperpetuum.
1416 2534 1545 2610 Collata
1563 2535 1665 2609 nobis
1679 2557 1702 2608 a
1714 2537 1785 2610 Deo
1800 2545 1948 2632 potestas
1960 2547 1992 2611 at

582 2661 730 2736 charitas
746 2661 843 2756 regie
859 2661 1045 2754 majestatis
1065 2659 1113 2734 ad
1132 2659 1200 2734 hoo
1221 2683 1284 2733 nos
1307 2659 1441 2735 inducit
1466 2669 1506 2734 ut
1523 2661 1599 2734 loca
1621 2659 1742 2735 divino
1764 2661 1874 2734 cultui
1890 2683 1991 2735 man-
2136 2657 2137 2668 *

582 2787 696 2884 cipata
722 2807 843 2860 sereno
871 2785 1097 2882 respiciamus
1123 2772 1249 2860 affectu
1278 2794 1313 2860 ot
1340 2807 1387 2861 ex
1411 2771 1530 2861 innato
1555 2785 1656 2860 nobis
1678 2787 1813 2884 pietatis
1838 2785 1990 2861 subsidio

581 2915 703 2990 eadem
726 2933 1003 3010 promoveamus.
1026 2911 1193 2986 Noverint
1212 2911 1330 3008 itaque
1350 2922 1420 2986 tam
1444 2921 1619 3010 presentes
1639 2933 1744 3008 quam
1770 2913 1877 2984 loturi
1900 2913 1990 3010 quod

583 3061 646 3113 nos
668 3037 884 3114 attendentes
905 3037 1053 3132 qualiter
1074 3037 1112 3110 in
1135 3036 1340 3110 Chuniuenzi
1360 3039 1436 3110 looo
1457 3038 1524 3112 sito
1546 3037 1651 3130 juxta
1674 3039 1881 3112 Bemensem
1908 3039 1991 3111 eivi-

581 3173 685 3238 tatem
715 3172 866 3236 nostram
891 3169 981 3235 esset
1003 3161 1194 3256 antiquitus
1221 3160 1403 3256 collegium
1427 3161 1638 3256 regularium
1666 3161 1888 3255 clericorum,
1917 3163 1990 3258 quis

581 3285 917 3385 ordo(sic)quamvis
929 3285 1060 3360 ibidem
1071 3286 1148 3359 sine
1161 3285 1295 3382 imperii
1310 3285 1583 3361 conscientiaval
1589 3286 1691 3380 jussu
1703 3285 1808 3359 luerit
1819 3297 1990 3360 oonstruc·
2135 3359 2136 3402 p

583 3423 653 3507 tus,
674 3433 737 3486 nos
752 3422 867 3488 tamen
885 3411 1142 3487 considerantes
1165 3411 1338 3486 delectum
1358 3411 1558 3486 divinorum
1582 3411 1828 3508 obsequiorum
1846 3421 1882 3488 et
1897 3412 1989 3509 quod
2135 3411 2136 3420 '

582 3561 644 3638 per
656 3537 819 3612 dilectum
833 3535 971 3612 fidelem
986 3549 1141 3612 nostrum
1159 3539 1395 3614 darmannum
1405 3539 1521 3612 virum
1535 3537 1736 3634 religiosum
1750 3547 1786 3614 et
1800 3539 1920 3612 tratres
1934 3537 1989 3612 do

583 3685 662 3736 mus
678 3661 966 3736 Theutonioorum
981 3663 1167 3760 Hospitalis
1183 3665 1307 3738 Sancte
1319 3663 1427 3738 Maria
1448 3661 1485 3736 in
1501 3663 1691 3738 Jerusalem
1711 3673 1747 3738 et
1770 3684 1831 3760 per
1852 3683 1987 3737 succes·
2120 3655 2124 3662 ’

583 3809 677 3890 sores
698 3788 898 3863 eorumdem
920 3791 1064 3864 fratrum
1082 3789 1216 3886 possint
1232 3787 1448 3864 commodius
1471 3791 1668 3882 reformari,
1694 3787 1742 3863 ad
1767 3787 1987 3864 imitationem

580 3913 788 3990 serenissimi
807 3912 938 3987 domini
956 3914 1170 4010 imperatoris
1191 3913 1298 4010 patris
1315 3914 1422 3987 nostri
1441 3915 1541 4008 eujus
1563 3913 1668 4011 sigilli
1688 3913 1812 3989 robore
1831 3923 1866 3989 et
1883 3915 1986 4012 privi-

581 4039 671 4136 legio
692 4037 815 4113 eadem
833 4037 973 4112 donatio
988 4059 1064 4112 esse
1083 4037 1272 4113 dinoscitur
1289 4039 1448 4114 roborata
1462 4037 1528 4137 (l),
1543 4039 1601 4134 jus
1616 4047 1817 4137 patronatus
1831 4050 1867 4114 et
1882 4039 1987 4136 quid·
2134 4023 2135 4054 ¹

580 4163 667 4260 quid
685 4163 773 4258 juris
796 4163 832 4235 in
855 4161 978 4238 eodem
996 4163 1072 4238 loeo
1095 4183 1248 4239 necnon
1271 4162 1307 4237 in
1324 4163 1470 4239 ecclesis
1486 4165 1596 4238 Berua
1611 4173 1647 4239 et
1666 4165 1797 4264 capella
1818 4163 1986 4239 Yvarins-

580 4290 663 4365 dori
688 4291 878 4386 ceterisque
902 4289 1044 4387 capellis
1075 4289 1121 4364 ad
1143 4287 1306 4364 eumdem
1333 4289 1448 4364 locum
1473 4289 1709 4366 Chuninsnsen
1740 4289 1984 4388 pertinentibus

578 4436 626 4488 ex
643 4413 787 4510 antiquo
805 4414 852 4489 ad
877 4436 941 4490 nos
966 4423 1190 4510 nostrumque
1213 4423 1345 4512 spectat
1368 4413 1573 4513 imperium,
1597 4415 1642 4490 de
1663 4437 1757 4492 mera
1777 4415 1983 4512 benignitate

615 4673 651 4748 (l)
666 4671 854 4732 verisimiliter
867 4673 941 4748 apud
952 4675 1070 4749 Burgum
1083 4673 1112 4733 S.
1125 4671 1250 4745 Donnini,
1261 4671 1337 4748 jonio
1350 4671 1393 4732 vol
1403 4670 1471 4747 julio
1484 4685 1587 4731 meuse.
1595 4672 1733 4747 Nusquam
1744 4677 1835 4732 aulam
1845 4669 1979 4747 reperitur,

578 4788 630 4831 nec
640 4772 721 4832 etiam
734 4777 911 4832 memoratum
923 4771 987 4832 alias
1000 4771 1160 4832 invenimus.
