4466 5914
512 519 577 581 ’664
1017 517 1236 582 FlllllElllCl
1260 511 1437 586 seculum
1743 521 1822 600 [Asu.
1842 523 1926 587 12²6.

562 655 674 746 Hujus
699 662 815 726 autern
837 652 888 726 rei
911 660 1015 726 testes
1041 663 1123 726 sunt
1144 655 1312 729 Geroldus
1336 655 1528 751 patriarcha
1551 657 1845 732 ierosolimitanus
1863 658 1925 756 (u),

514 780 674 852 Alhortus
696 777 1004 872 llagdehurgensis
1023 781 1322 876 archiepiscopus,
1342 782 1509 856 Hearicus
1528 783 1813 876 Mediolanensis,
1833 787 1927 858 Lan-

514 905 581 976 dus
599 903 749 996 Reginus
764 903 1031 998 archiepiscopi,
1050 906 1093 976 H.
1107 905 1389 997 Warmacionsis,
1411 907 1651 1000 Engelhardus
1668 909 1927 1002 Naumhurgen·

514 1027 561 1098 sis
576 1026 636 1122 (b),
653 1025 828 1099 Comedus
845 1025 1098 1118 ildesemensis,
1115 1027 1157 1099 H.
1178 1029 1489 1123 Merseburgensis,
1504 1033 1547 1102 H.
1562 1031 1770 1123 Basilionsis,
1789 1034 1819 1104 J.
1835 1033 1924 1105 Tan·

512 1151 676 1238 rinensis,
699 1152 773 1244 Ugo
791 1151 1030 1242 vercellensis,
1054 1153 1084 1224 J.
1107 1150 1278 1244 Astensis,
1299 1151 1342 1225 Α.
1362 1153 1570 1246 Brixiensis,
1595 1153 1711 1229 Gratia
1733 1157 1925 1228 Parmensis

514 1276 683 1372 episcopi,
703 1275 851 1346 Thomas
868 1295 983 1347 comes
1000 1275 1190 1368 Sabaudie,
1211 1275 1316 1349 totius
1334 1278 1430 1350 italie
1447 1279 1581 1373 legatus
1598 1290 1633 1352 et
1655 1279 1808 1352 marchio
1826 1281 1924 1371 ejus-

515 1402 613 1489 dem,
632 1399 831 1497 Raynaldus
852 1399 928 1472 dux
951 1402 1155 1496 Spoletanus
1169 1400 1228 1498 (c),
1250 1401 1417 1476 Ricardus
1440 1405 1688 1491 marescalcus,
1710 1404 1923 1478 marchiones

516 1524 562 1597 de
580 1525 729 1614 Secena,
751 1523 882 1596 domini
900 1525 945 1598 de
962 1525 1114 1598 Gomano
1129 1525 1181 1622 (d)
1198 1535 1233 1598 et
1250 1526 1309 1599 alii
1327 1527 1562 1622 quamplures.

565 1649 710 1742 Signum
735 1649 865 1722 domini
892 1649 1045 1722 Federici
1069 1649 1215 1722 secundi
1237 1649 1300 1723 Dei
1326 1651 1436 1744 gratia
1459 1651 1689 1724 Romanorum
1712 1651 1925 1746 imperatoris

465 1837 472 1854 .
516 1775 752 1866 invictissimi,
770 1775 981 1846 Hierusalem
998 1783 1033 1846 et
1046 1775 1161 1846 Sicilie
1178 1775 1281 1868 regis.

564 1899 650 1972 Acta
667 1907 749 1971 sunt
768 1899 833 1970 hec
850 1897 946 1993 apud
970 1899 1123 1992 Burgum
1141 1898 1257 1971 Sancti
1275 1897 1418 1987 Donini,
1440 1899 1630 1994 imperante
1651 1898 1793 1972 domino
1811 1907 1925 1972 nostro

515 2023 698 2097 Frederioo
715 2025 945 2095 Romanorum
961 2023 1178 2117 imperatore,
1199 2043 1335 2118 semper
1351 2029 1513 2116 augusto,
1536 2023 1747 2096 Hierusalem
1763 2032 1799 2096 et
1812 2023 1926 2096 Sicilie

515 2170 596 2242 rege
615 2147 873 2240 gloriosissimo,
889 2167 980 2219 anno
994 2146 1131 2240 imperii
1145 2147 1222 2240 ejus
1233 2155 1344 2238 sexto,
1355 2148 1455 2241 regni
1467 2148 1679 2220 Hierusalem
1691 2147 1814 2243 primo,
1828 2148 1924 2242 regni

516 2291 600 2344 vero
613 2269 728 2342 Sicilie
743 2269 914 2359 XXVllll,
936 2268 1090 2342 feliciter.
1107 2268 1227 2342 Amen.

563 2397 689 2467 Datum
703 2394 799 2490 apud
817 2395 970 2488 Burgum
993 2405 1238 2484 memoratum,
1257 2416 1348 2468 anno
1363 2395 1537 2468 dominice
1554 2392 1798 2467 incarnationis
1809 2394 1921 2466 mille·

515 2520 602 2592 simo
620 2519 857 2593 ducentesimo
871 2518 1039 2614 vigesimo
1054 2529 1166 2612 sexto,
1183 2541 1301 2594 mense
1312 2520 1408 2612 julii,
1425 2519 1516 2591 Xllll
1536 2517 1747 2592 indictionis.

756 2823 972 2836 unauna—w·
977 2825 1095 2836 ..κ-μισ.-
1102 2825 1353 2836 -ιιι-ι-σιι--φ--ι
1358 2823 1411 2832 ..--
1418 2823 1464 2834 -ιιι
1471 2821 1672 2832 naum-nunna·

320 3131 485 3228 *Pugggpm
564 3095 795 3200 Fridericus,
827 3092 1089 3176 Romanorum
1123 3090 1347 3199 imperator,
1379 3087 1574 3171 communi
1611 3085 1921 3171 Cremonensium

346 3236 456 3344 ⁹333&
512 3229 711 3312 confirmet
726 3250 859 3307 omnes
877 3222 1115 3330 donationes,
1135 3223 1393 3306 concessiones
1412 3231 1450 3304 et
1466 3221 1663 3332 privilegia
1681 3221 1920 3304 Cremonen-

510 3363 617 3446 sibus
635 3360 784 3443 indulta
801 3358 850 3441 ab
872 3356 1163 3466 imperatoribus
1185 3365 1223 3440 et
1244 3355 1399 3466 regibus
1420 3355 1682 3440 Romanorum
1703 3355 1921 3464 praedeces·

511 3493 661 3576 sorihus
679 3491 772 3596 saue,
793 3501 832 3574 ct
849 3489 1059 3600 specialiter
1076 3487 1126 3572 ah
1144 3513 1215 3572 avo
1232 3499 1270 3572 ct
1286 3497 1394 3598 patre
1411 3515 1497 3597 suo,
1518 3487 1590 3572 suh
1602 3513 1725 3597 poena
1743 3487 1920 3596 indigna-

509 3627 622 3710 tionis
641 3653 732 3710 suae
749 3637 787 3710 et
803 3634 956 3710 eentum
983 3623 1302 3708 marcarumanri
1324 3625 1364 3705 in
1386 3621 1708 3708 contravenientes
1726 3645 1916 3731 expressa.

589 3842 755 3917 (Memorat.
768 3858 815 3920 up.
827 3839 905 3901 nar.
920 3837 1040 3914 mmo,
1057 3839 1198 3900 Cremona
1205 3833 1400 3918 scdeh'srr'mu,
1415 3837 1468 3900 Hh.
1481 3838 1528 3913 11,
1543 3853 1575 3916 p.
1591 3839 1656 3912 47.)

556 4030 667 4122 Hujus
690 4027 741 4101 rei
766 4033 869 4100 testes
887 4035 971 4140 *sunt
991 4025 1151 4098 Alhertus
1173 4024 1483 4121 hlagdehurgensis
1504 4031 1539 4098 et
1562 4022 1729 4097 Henricas
1746 4021 1918 4096 Mediola-

509 4153 625 4228 nensis
643 4149 911 4248 archiepiscopi,
933 4159 999 4222 etc.

552 4331 593 4411 (a)
613 4333 648 4393 In
662 4333 809 4408 impressis
822 4330 898 4392 mule
916 4327 1061 4392 amram
1070 4327 1243 4410 patriarcha
1254 4327 1409 4392 lohannes.

550 4436 592 4518 (b)
614 4439 669 4515 Ap.
680 4437 813 4499 Damont
825 4437 971 4518 liupcoiru
981 4435 1185 4520 Hummllcrq,
1200 4438 1336 4516 pessime.

550 4547 587 4619 (c)
611 4544 669 4622 Ap.
684 4543 782 4624 Lirnlg
793 4541 962 4622 Palatinus,
976 4545 1065 4607 rnelc.

550 4649 592 4730 (ch
613 4652 841 4714 Rectiusantem
852 4649 1028 4714 weltona
1039 4649 1075 4714 dc
1089 4651 1172 4731 Cera,
1187 4651 1298 4716 domim
1309 4650 1345 4714 dc
1358 4652 1514 4733 Gorzmuo.
1530 4649 1578 4714 (li.
1589 4665 1621 4730 p.
1633 4655 1705 4723 ate,
1716 4648 1796 4710 nter
1814 4649 1915 4708 testes.
