<?xml version="1.0" encoding="UTF-8"?>
<!DOCTYPE html PUBLIC "-//W3C//DTD XHTML 1.0 Transitional//EN"
    "http://www.w3.org/TR/xhtml1/DTD/xhtml1-transitional.dtd">
<html xmlns="http://www.w3.org/1999/xhtml" xml:lang="en" lang="en">
 <head>
  <title>
</title>
<meta http-equiv="Content-Type" content="text/html;charset=utf-8" />
  <meta name='ocr-system' content='tesseract 3.04.00' />
  <meta name='ocr-capabilities' content='ocr_page ocr_carea ocr_par ocr_line ocrx_word'/>
</head>
<body>
  <div class='ocr_page' id='page_1' title='image "./historiadiploma04fredgoog_0282.png"; bbox 0 0 4324 5916; ppageno 0'>
   <div class='ocr_carea' id='block_1_1' title="bbox 219 605 1628 708">
    <p class='ocr_par' dir='ltr' id='par_1_1' title="bbox 219 605 1628 708">
     <span class='ocr_line' id='line_1_1' title="bbox 219 605 1628 708; baseline -0.011 -26"><span class='ocrx_word' id='word_1_1' title='bbox 219 624 318 684; x_wconf 77' lang='lat' dir='ltr'>lantcr.</span> <span class='ocrx_word' id='word_1_2' title='bbox 337 619 397 703; x_wconf 71' lang='lat' dir='ltr'>la]</span> <span class='ocrx_word' id='word_1_3' title='bbox 671 614 866 677; x_wconf 75' lang='lat' dir='ltr'><strong>HISTORIA</strong></span> <span class='ocrx_word' id='word_1_4' title='bbox 891 609 1182 694; x_wconf 72' lang='lat' dir='ltr'>presentantes.</span> <span class='ocrx_word' id='word_1_5' title='bbox 1520 701 1524 708; x_wconf 13' lang='grc' dir='ltr'><strong>ἡ</strong></span> <span class='ocrx_word' id='word_1_6' title='bbox 1571 605 1628 668; x_wconf 84' lang='grc'>871</span> 
     </span>
    </p>
   </div>
   <div class='ocr_carea' id='block_1_2' title="bbox 218 765 1630 874">
    <p class='ocr_par' dir='ltr' id='par_1_2' title="bbox 218 765 1630 874">
     <span class='ocr_line' id='line_1_2' title="bbox 218 765 1630 874; baseline -0.01 -17"><span class='ocrx_word' id='word_1_7' title='bbox 218 765 286 857; x_wconf 85' lang='lat' dir='ltr'>snb</span> <span class='ocrx_word' id='word_1_8' title='bbox 307 781 451 857; x_wconf 89' lang='lat' dir='ltr'>obtentn</span> <span class='ocrx_word' id='word_1_9' title='bbox 469 779 578 874; x_wconf 75' lang='lat' dir='ltr'>gratie</span> <span class='ocrx_word' id='word_1_10' title='bbox 593 788 708 854; x_wconf 91' lang='lat' dir='ltr'>nostre</span> <span class='ocrx_word' id='word_1_11' title='bbox 726 778 919 853; x_wconf 68' lang='lat' dir='ltr'><strong>inhibentes</strong></span> <span class='ocrx_word' id='word_1_12' title='bbox 937 797 982 850; x_wconf 92' lang='lat' dir='ltr'>ne</span> <span class='ocrx_word' id='word_1_13' title='bbox 998 773 1078 871; x_wconf 88' lang='lat' dir='ltr'>quis</span> <span class='ocrx_word' id='word_1_14' title='bbox 1092 774 1271 847; x_wconf 93' lang='lat' dir='ltr'>hominum</span> <span class='ocrx_word' id='word_1_15' title='bbox 1287 771 1371 846; x_wconf 90' lang='lat' dir='ltr'>hnic</span> <span class='ocrx_word' id='word_1_16' title='bbox 1386 781 1501 846; x_wconf 87' lang='lat' dir='ltr'>nostre</span> <span class='ocrx_word' id='word_1_17' title='bbox 1517 771 1630 845; x_wconf 92' lang='lat' dir='ltr'>dona-</span> 
     </span>
    </p>
   </div>
   <div class='ocr_carea' id='block_1_3' title="bbox 218 903 1626 1125">
    <p class='ocr_par' dir='ltr' id='par_1_3' title="bbox 218 903 1626 1125">
     <span class='ocr_line' id='line_1_3' title="bbox 218 903 644 980; baseline -0.005 -1"><span class='ocrx_word' id='word_1_18' title='bbox 218 908 304 980; x_wconf 92' lang='lat' dir='ltr'>tioni</span> <span class='ocrx_word' id='word_1_19' title='bbox 320 905 447 979; x_wconf 87' lang='lat' dir='ltr'>audeat</span> <span class='ocrx_word' id='word_1_20' title='bbox 463 903 644 977; x_wconf 90' lang='lat' dir='ltr'>contraire.</span> 
     </span>
     <span class='ocr_line' id='line_1_4' title="bbox 266 1020 1626 1125; baseline -0.01 -21"><span class='ocrx_word' id='word_1_21' title='bbox 266 1033 393 1104; x_wconf 88' lang='lat' dir='ltr'>Datum</span> <span class='ocrx_word' id='word_1_22' title='bbox 406 1029 501 1125; x_wconf 90' lang='lat' dir='ltr'>apud</span> <span class='ocrx_word' id='word_1_23' title='bbox 513 1029 781 1118; x_wconf 84' lang='lat' dir='ltr'>Franckenvort,</span> <span class='ocrx_word' id='word_1_24' title='bbox 795 1047 885 1101; x_wconf 92' lang='lat' dir='ltr'>anno</span> <span class='ocrx_word' id='word_1_25' title='bbox 900 1025 1037 1099; x_wconf 88' lang='lat' dir='ltr'>Domini</span> <span class='ocrx_word' id='word_1_26' title='bbox 1054 1022 1261 1115; x_wconf 86' lang='lat' dir='ltr'>MCCXXVI,</span> <span class='ocrx_word' id='word_1_27' title='bbox 1277 1020 1485 1096; x_wconf 87' lang='lat' dir='ltr'>Xkalendas</span> <span class='ocrx_word' id='word_1_28' title='bbox 1499 1020 1626 1094; x_wconf 89' lang='lat' dir='ltr'>martii.</span> 
     </span>
    </p>
   </div>
   <div class='ocr_carea' id='block_1_4' title="bbox 899 1287 948 1359">
    <p class='ocr_par' dir='ltr' id='par_1_4' title="bbox 899 1287 948 1359">
     <span class='ocr_line' id='line_1_5' title="bbox 899 1287 948 1359; baseline -0.041 0"><span class='ocrx_word' id='word_1_29' title='bbox 899 1287 948 1359; x_wconf 90' lang='lat'>11.</span> 
     </span>
    </p>
   </div>
   <div class='ocr_carea' id='block_1_5' title="bbox 90 1460 1763 2792">
    <p class='ocr_par' dir='ltr' id='par_1_5' title="bbox 90 1460 1627 1688">
     <span class='ocr_line' id='line_1_6' title="bbox 252 1460 1627 1562; baseline -0.004 -22"><span class='ocrx_word' id='word_1_30' title='bbox 252 1467 433 1540; x_wconf 77' lang='lat' dir='ltr'>Hannone</span> <span class='ocrx_word' id='word_1_31' title='bbox 451 1467 515 1540; x_wconf 85' lang='lat' dir='ltr'>Dei</span> <span class='ocrx_word' id='word_1_32' title='bbox 531 1466 640 1562; x_wconf 76' lang='lat' dir='ltr'>gratia</span> <span class='ocrx_word' id='word_1_33' title='bbox 665 1467 896 1540; x_wconf 85' lang='lat' dir='ltr'>Romanorum</span> <span class='ocrx_word' id='word_1_34' title='bbox 916 1485 979 1538; x_wconf 85' lang='lat' dir='ltr'>rex</span> <span class='ocrx_word' id='word_1_35' title='bbox 995 1485 1130 1560; x_wconf 90' lang='lat' dir='ltr'>semper</span> <span class='ocrx_word' id='word_1_36' title='bbox 1145 1469 1333 1557; x_wconf 83' lang='lat' dir='ltr'>angustus,</span> <span class='ocrx_word' id='word_1_37' title='bbox 1353 1460 1526 1532; x_wconf 89' lang='lat' dir='ltr'>universis</span> <span class='ocrx_word' id='word_1_38' title='bbox 1541 1482 1627 1556; x_wconf 91' lang='lat' dir='ltr'>pre—</span> 
     </span>
     <span class='ocr_line' id='line_1_7' title="bbox 90 1585 1627 1688; baseline -0.005 -22"><span class='ocrx_word' id='word_1_39' title='bbox 90 1641 95 1648; x_wconf 91' lang='lat'>·</span> <span class='ocrx_word' id='word_1_40' title='bbox 218 1614 298 1665; x_wconf 90' lang='lat' dir='ltr'>sens</span> <span class='ocrx_word' id='word_1_41' title='bbox 325 1591 490 1688; x_wconf 88' lang='lat' dir='ltr'>scriptum</span> <span class='ocrx_word' id='word_1_42' title='bbox 514 1591 720 1688; x_wconf 89' lang='lat' dir='ltr'>inspecturis</span> <span class='ocrx_word' id='word_1_43' title='bbox 746 1593 892 1664; x_wconf 82' lang='lat' dir='ltr'>satutem</span> <span class='ocrx_word' id='word_1_44' title='bbox 917 1597 952 1662; x_wconf 90' lang='lat' dir='ltr'>et</span> <span class='ocrx_word' id='word_1_45' title='bbox 973 1610 1075 1661; x_wconf 92' lang='lat' dir='ltr'>omne</span> <span class='ocrx_word' id='word_1_46' title='bbox 1096 1589 1240 1660; x_wconf 90' lang='lat' dir='ltr'>bonnm.</span> <span class='ocrx_word' id='word_1_47' title='bbox 1261 1587 1387 1658; x_wconf 87' lang='lat' dir='ltr'>Notum</span> <span class='ocrx_word' id='word_1_48' title='bbox 1405 1586 1450 1658; x_wconf 93' lang='lat' dir='ltr'>sit</span> <span class='ocrx_word' id='word_1_49' title='bbox 1466 1585 1627 1658; x_wconf 90' lang='lat' dir='ltr'>omnibus</span> 
     </span>
    </p>

    <p class='ocr_par' dir='ltr' id='par_1_6' title="bbox 215 1710 1763 2562">
     <span class='ocr_line' id='line_1_8' title="bbox 217 1710 1628 1811; baseline -0.006 -22"><span class='ocrx_word' id='word_1_50' title='bbox 217 1715 315 1811; x_wconf 90' lang='lat' dir='ltr'>qnod</span> <span class='ocrx_word' id='word_1_51' title='bbox 333 1715 549 1789; x_wconf 82' lang='lat' dir='ltr'>advocatiam</span> <span class='ocrx_word' id='word_1_52' title='bbox 566 1715 741 1790; x_wconf 88' lang='lat' dir='ltr'>Sallandio</span> <span class='ocrx_word' id='word_1_53' title='bbox 763 1737 869 1810; x_wconf 89' lang='lat' dir='ltr'>qnam</span> <span class='ocrx_word' id='word_1_54' title='bbox 890 1713 1012 1786; x_wconf 89' lang='lat' dir='ltr'>habuit</span> <span class='ocrx_word' id='word_1_55' title='bbox 1037 1711 1209 1786; x_wconf 86' lang='lat' dir='ltr'>Gerardus</span> <span class='ocrx_word' id='word_1_56' title='bbox 1226 1711 1325 1784; x_wconf 88' lang='lat' dir='ltr'>mites</span> <span class='ocrx_word' id='word_1_57' title='bbox 1341 1710 1387 1784; x_wconf 91' lang='lat' dir='ltr'>de</span> <span class='ocrx_word' id='word_1_58' title='bbox 1408 1711 1576 1784; x_wconf 89' lang='lat' dir='ltr'>Buchorst</span> <span class='ocrx_word' id='word_1_59' title='bbox 1593 1720 1628 1782; x_wconf 91' lang='lat' dir='ltr'>et</span> 
     </span>
     <span class='ocr_line' id='line_1_9' title="bbox 218 1834 1628 1937; baseline -0.006 -23"><span class='ocrx_word' id='word_1_60' title='bbox 218 1861 324 1937; x_wconf 88' lang='lat' dir='ltr'>qnam</span> <span class='ocrx_word' id='word_1_61' title='bbox 351 1838 524 1915; x_wconf 87' lang='lat' dir='ltr'>Gerardus</span> <span class='ocrx_word' id='word_1_62' title='bbox 540 1861 656 1915; x_wconf 89' lang='lat' dir='ltr'>comes</span> <span class='ocrx_word' id='word_1_63' title='bbox 674 1840 845 1914; x_wconf 84' lang='lat' dir='ltr'>Gslrensis</span> <span class='ocrx_word' id='word_1_64' title='bbox 869 1840 914 1912; x_wconf 88' lang='lat' dir='ltr'>ab</span> <span class='ocrx_word' id='word_1_65' title='bbox 939 1839 1015 1934; x_wconf 93' lang='lat' dir='ltr'>ipso</span> <span class='ocrx_word' id='word_1_66' title='bbox 1033 1847 1178 1929; x_wconf 91' lang='lat' dir='ltr'>emerat,</span> <span class='ocrx_word' id='word_1_67' title='bbox 1202 1837 1247 1910; x_wconf 89' lang='lat' dir='ltr'>ab</span> <span class='ocrx_word' id='word_1_68' title='bbox 1266 1835 1397 1910; x_wconf 64' lang='lat' dir='ltr'>medem</span> <span class='ocrx_word' id='word_1_69' title='bbox 1421 1835 1522 1909; x_wconf 91' lang='lat' dir='ltr'>nobis</span> <span class='ocrx_word' id='word_1_70' title='bbox 1540 1834 1628 1908; x_wconf 91' lang='lat' dir='ltr'>resi-</span> 
     </span>
     <span class='ocr_line' id='line_1_10' title="bbox 218 1961 1627 2060; baseline -0.003 -22"><span class='ocrx_word' id='word_1_71' title='bbox 218 1973 358 2060; x_wconf 80' lang='lat' dir='ltr'>gnatam</span> <span class='ocrx_word' id='word_1_72' title='bbox 378 1965 486 2040; x_wconf 89' lang='lat' dir='ltr'>libere</span> <span class='ocrx_word' id='word_1_73' title='bbox 504 1975 539 2038; x_wconf 91' lang='lat' dir='ltr'>et</span> <span class='ocrx_word' id='word_1_74' title='bbox 557 1973 756 2056; x_wconf 87' lang='lat' dir='ltr'>vacantem,</span> <span class='ocrx_word' id='word_1_75' title='bbox 778 1965 903 2039; x_wconf 84' lang='lat' dir='ltr'>diiecto</span> <span class='ocrx_word' id='word_1_76' title='bbox 923 1963 1070 2059; x_wconf 80' lang='lat' dir='ltr'>principi</span> <span class='ocrx_word' id='word_1_77' title='bbox 1087 1971 1204 2037; x_wconf 92' lang='lat' dir='ltr'>nostro</span> <span class='ocrx_word' id='word_1_78' title='bbox 1223 1962 1339 2036; x_wconf 88' lang='lat' dir='ltr'>Ottoni</span> <span class='ocrx_word' id='word_1_79' title='bbox 1361 1961 1523 2058; x_wconf 89' lang='lat' dir='ltr'>episcopo</span> <span class='ocrx_word' id='word_1_80' title='bbox 1541 1962 1627 2034; x_wconf 89' lang='lat' dir='ltr'>Tra-</span> 
     </span>
     <span class='ocr_line' id='line_1_11' title="bbox 215 2086 1763 2186; baseline -0.004 -22"><span class='ocrx_word' id='word_1_81' title='bbox 215 2092 358 2185; x_wconf 87' lang='lat' dir='ltr'>jsctensi</span> <span class='ocrx_word' id='word_1_82' title='bbox 381 2099 415 2162; x_wconf 89' lang='lat' dir='ltr'>et</span> <span class='ocrx_word' id='word_1_83' title='bbox 442 2090 586 2164; x_wconf 90' lang='lat' dir='ltr'>ecclesie</span> <span class='ocrx_word' id='word_1_84' title='bbox 610 2111 675 2163; x_wconf 89' lang='lat' dir='ltr'>sne</span> <span class='ocrx_word' id='word_1_85' title='bbox 695 2090 838 2186; x_wconf 88' lang='lat' dir='ltr'>suisque</span> <span class='ocrx_word' id='word_1_86' title='bbox 859 2088 1116 2163; x_wconf 90' lang='lat' dir='ltr'>successoribus</span> <span class='ocrx_word' id='word_1_87' title='bbox 1138 2089 1174 2160; x_wconf 96' lang='lat' dir='ltr'>in</span> <span class='ocrx_word' id='word_1_88' title='bbox 1197 2096 1401 2184; x_wconf 90' lang='lat' dir='ltr'>perpetuum</span> <span class='ocrx_word' id='word_1_89' title='bbox 1420 2086 1628 2160; x_wconf 88' lang='lat' dir='ltr'>contulimus</span> <span class='ocrx_word' id='word_1_90' title='bbox 1760 2133 1763 2139; x_wconf 92' lang='lat'>-</span> 
     </span>
     <span class='ocr_line' id='line_1_12' title="bbox 219 2211 1628 2313; baseline -0.005 -22"><span class='ocrx_word' id='word_1_91' title='bbox 219 2215 480 2313; x_wconf 68' lang='lat' dir='ltr'>possidendam</span> <span class='ocrx_word' id='word_1_92' title='bbox 501 2224 536 2289; x_wconf 93' lang='lat' dir='ltr'>et</span> <span class='ocrx_word' id='word_1_93' title='bbox 550 2216 740 2290; x_wconf 83' lang='lat' dir='ltr'><strong>Iohannem</strong></span> <span class='ocrx_word' id='word_1_94' title='bbox 755 2215 927 2290; x_wconf 88' lang='lat' dir='ltr'>notarium</span> <span class='ocrx_word' id='word_1_95' title='bbox 943 2215 1067 2311; x_wconf 84' lang='lat' dir='ltr'>ipsine,</span> <span class='ocrx_word' id='word_1_96' title='bbox 1085 2213 1289 2287; x_wconf 88' lang='lat' dir='ltr'>canonicum</span> <span class='ocrx_word' id='word_1_97' title='bbox 1302 2213 1418 2286; x_wconf 81' lang='lat' dir='ltr'>Sancti</span> <span class='ocrx_word' id='word_1_98' title='bbox 1433 2211 1523 2286; x_wconf 89' lang='lat' dir='ltr'>Petri</span> <span class='ocrx_word' id='word_1_99' title='bbox 1541 2212 1628 2284; x_wconf 87' lang='lat' dir='ltr'>Tra-</span> 
     </span>
     <span class='ocr_line' id='line_1_13' title="bbox 215 2336 1627 2437; baseline -0.004 -23"><span class='ocrx_word' id='word_1_100' title='bbox 215 2340 399 2434; x_wconf 87' lang='lat' dir='ltr'>jectensis,</span> <span class='ocrx_word' id='word_1_101' title='bbox 429 2340 569 2416; x_wconf 90' lang='lat' dir='ltr'>nomine</span> <span class='ocrx_word' id='word_1_102' title='bbox 598 2339 744 2437; x_wconf 78' lang='lat' dir='ltr'>predicti</span> <span class='ocrx_word' id='word_1_103' title='bbox 774 2341 928 2437; x_wconf 76' lang='lat' dir='ltr'>episcopi</span> <span class='ocrx_word' id='word_1_104' title='bbox 958 2349 993 2414; x_wconf 93' lang='lat' dir='ltr'>et</span> <span class='ocrx_word' id='word_1_105' title='bbox 1018 2339 1162 2414; x_wconf 79' lang='lat' dir='ltr'>ecclesie</span> <span class='ocrx_word' id='word_1_106' title='bbox 1195 2338 1419 2431; x_wconf 85' lang='lat' dir='ltr'>Trajectensis</span> <span class='ocrx_word' id='word_1_107' title='bbox 1446 2336 1492 2411; x_wconf 88' lang='lat' dir='ltr'>de</span> <span class='ocrx_word' id='word_1_108' title='bbox 1523 2357 1627 2410; x_wconf 91' lang='lat' dir='ltr'>manu</span> 
     </span>
     <span class='ocr_line' id='line_1_14' title="bbox 219 2467 776 2562; baseline 0 -24"><span class='ocrx_word' id='word_1_109' title='bbox 219 2475 334 2540; x_wconf 92' lang='lat' dir='ltr'>nostra</span> <span class='ocrx_word' id='word_1_110' title='bbox 350 2473 577 2562; x_wconf 79' lang='lat' dir='ltr'>protestamur</span> <span class='ocrx_word' id='word_1_111' title='bbox 594 2467 776 2560; x_wconf 83' lang='lat' dir='ltr'>recepisse.</span> 
     </span>
    </p>

    <p class='ocr_par' dir='ltr' id='par_1_7' title="bbox 220 2586 1630 2792">
     <span class='ocr_line' id='line_1_15' title="bbox 266 2586 1630 2688; baseline -0.001 -25"><span class='ocrx_word' id='word_1_112' title='bbox 266 2593 392 2666; x_wconf 88' lang='lat' dir='ltr'>Datum</span> <span class='ocrx_word' id='word_1_113' title='bbox 410 2593 506 2688; x_wconf 90' lang='lat' dir='ltr'>apud</span> <span class='ocrx_word' id='word_1_114' title='bbox 524 2592 795 2686; x_wconf 81' lang='lat' dir='ltr'>Frankenvordt,</span> <span class='ocrx_word' id='word_1_115' title='bbox 812 2613 904 2666; x_wconf 92' lang='lat' dir='ltr'>anno</span> <span class='ocrx_word' id='word_1_116' title='bbox 918 2591 1053 2665; x_wconf 86' lang='lat' dir='ltr'>Domini</span> <span class='ocrx_word' id='word_1_117' title='bbox 1068 2590 1117 2664; x_wconf 84' lang='lat' dir='ltr'>tt.</span> <span class='ocrx_word' id='word_1_118' title='bbox 1134 2589 1195 2663; x_wconf 86' lang='lat' dir='ltr'>CC.</span> <span class='ocrx_word' id='word_1_119' title='bbox 1209 2589 1304 2663; x_wconf 88' lang='lat' dir='ltr'>XXV</span> <span class='ocrx_word' id='word_1_120' title='bbox 1317 2587 1408 2687; x_wconf 85' lang='lat' dir='ltr'>(sic),</span> <span class='ocrx_word' id='word_1_121' title='bbox 1419 2589 1453 2662; x_wconf 88' lang='lat' dir='ltr'>X</span> <span class='ocrx_word' id='word_1_122' title='bbox 1465 2586 1630 2662; x_wconf 82' lang='lat' dir='ltr'>kalendas</span> 
     </span>
     <span class='ocr_line' id='line_1_16' title="bbox 220 2717 345 2792; baseline 0.016 -4"><span class='ocrx_word' id='word_1_123' title='bbox 220 2717 345 2792; x_wconf 90' lang='lat' dir='ltr'>martii.</span> 
     </span>
    </p>
   </div>
   <div class='ocr_carea' id='block_1_6' title="bbox 272 3184 1964 3305">
    <p class='ocr_par' dir='ltr' id='par_1_8' title="bbox 272 3184 1964 3305">
     <span class='ocr_line' id='line_1_17' title="bbox 272 3184 1964 3305; baseline 0.001 -27"><span class='ocrx_word' id='word_1_124' title='bbox 272 3192 474 3300; x_wconf 76' lang='lat' dir='ltr'>Hannone,</span> <span class='ocrx_word' id='word_1_125' title='bbox 495 3195 756 3280; x_wconf 87' lang='lat' dir='ltr'>Romanorum</span> <span class='ocrx_word' id='word_1_126' title='bbox 773 3221 859 3299; x_wconf 82' lang='lat' dir='ltr'>rex,</span> <span class='ocrx_word' id='word_1_127' title='bbox 877 3193 1078 3278; x_wconf 88' lang='lat' dir='ltr'>confirmat</span> <span class='ocrx_word' id='word_1_128' title='bbox 1093 3192 1320 3278; x_wconf 83' lang='lat' dir='ltr'>sententiam</span> <span class='ocrx_word' id='word_1_129' title='bbox 1336 3221 1415 3305; x_wconf 92' lang='lat' dir='ltr'>qna</span> <span class='ocrx_word' id='word_1_130' title='bbox 1433 3194 1631 3284; x_wconf 85' lang='lat' dir='ltr'>Comedus</span> <span class='ocrx_word' id='word_1_131' title='bbox 1671 3184 1824 3291; x_wconf 45' lang='lat' dir='ltr'>adiistis,</span> <span class='ocrx_word' id='word_1_132' title='bbox 1955 3280 1964 3300; x_wconf 63' lang='grc'><strong>,</strong></span> 
     </span>
    </p>
   </div>
   <div class='ocr_carea' id='block_1_7' title="bbox 218 3293 1822 3440">
    <p class='ocr_par' dir='ltr' id='par_1_9' title="bbox 218 3293 1822 3440">
     <span class='ocr_line' id='line_1_18' title="bbox 218 3293 1822 3440; baseline -0.004 -27"><span class='ocrx_word' id='word_1_133' title='bbox 218 3327 437 3413; x_wconf 88' lang='lat' dir='ltr'>Portuensis</span> <span class='ocrx_word' id='word_1_134' title='bbox 454 3321 667 3440; x_wconf 81' lang='lat' dir='ltr'>episcopos,</span> <span class='ocrx_word' id='word_1_135' title='bbox 680 3327 918 3439; x_wconf 82' lang='lat' dir='ltr'>Apostolicae</span> <span class='ocrx_word' id='word_1_136' title='bbox 932 3329 1040 3412; x_wconf 91' lang='lat' dir='ltr'>Sedis</span> <span class='ocrx_word' id='word_1_137' title='bbox 1053 3329 1217 3438; x_wconf 84' lang='lat' dir='ltr'>legatus,</span> <span class='ocrx_word' id='word_1_138' title='bbox 1229 3326 1357 3412; x_wconf 88' lang='lat' dir='ltr'>abbati</span> <span class='ocrx_word' id='word_1_139' title='bbox 1376 3337 1413 3412; x_wconf 91' lang='lat' dir='ltr'>et</span> <span class='ocrx_word' id='word_1_140' title='bbox 1429 3334 1631 3416; x_wconf 88' lang='lat' dir='ltr'>conventui</span> <span class='ocrx_word' id='word_1_141' title='bbox 1671 3295 1698 3336; x_wconf 67' lang='lat'>²¹</span> <span class='ocrx_word' id='word_1_142' title='bbox 1712 3293 1822 3336; x_wconf 52' lang='lat' dir='ltr'>“m</span> 
     </span>
    </p>
   </div>
   <div class='ocr_carea' id='block_1_8' title="bbox 220 3459 1632 3976">
    <p class='ocr_par' dir='ltr' id='par_1_10' title="bbox 220 3459 1632 3976">
     <span class='ocr_line' id='line_1_19' title="bbox 220 3459 1630 3574; baseline 0.006 -29"><span class='ocrx_word' id='word_1_143' title='bbox 220 3463 467 3547; x_wconf 89' lang='lat' dir='ltr'>Werdenensi</span> <span class='ocrx_word' id='word_1_144' title='bbox 489 3463 726 3549; x_wconf 82' lang='lat' dir='ltr'>confirmarit</span> <span class='ocrx_word' id='word_1_145' title='bbox 747 3463 963 3547; x_wconf 86' lang='lat' dir='ltr'>advocatias</span> <span class='ocrx_word' id='word_1_146' title='bbox 984 3461 1154 3574; x_wconf 90' lang='lat' dir='ltr'>quinque</span> <span class='ocrx_word' id='word_1_147' title='bbox 1177 3459 1363 3570; x_wconf 81' lang='lat' dir='ltr'>curtium,</span> <span class='ocrx_word' id='word_1_148' title='bbox 1384 3463 1525 3550; x_wconf 89' lang='lat' dir='ltr'>scilicet</span> <span class='ocrx_word' id='word_1_149' title='bbox 1544 3467 1630 3552; x_wconf 88' lang='lat' dir='ltr'>Lii-</span> 
     </span>
     <span class='ocr_line' id='line_1_20' title="bbox 220 3593 1632 3710; baseline 0.006 -32"><span class='ocrx_word' id='word_1_150' title='bbox 220 3596 481 3706; x_wconf 86' lang='lat' dir='ltr'>dinghausen,</span> <span class='ocrx_word' id='word_1_151' title='bbox 509 3595 683 3705; x_wconf 85' lang='lat' dir='ltr'>Eichoiz‚</span> <span class='ocrx_word' id='word_1_152' title='bbox 706 3595 989 3704; x_wconf 86' lang='lat' dir='ltr'>Nordkirchen,</span> <span class='ocrx_word' id='word_1_153' title='bbox 1017 3593 1183 3679; x_wconf 88' lang='lat' dir='ltr'>Selheim</span> <span class='ocrx_word' id='word_1_154' title='bbox 1209 3606 1247 3680; x_wconf 90' lang='lat' dir='ltr'>et</span> <span class='ocrx_word' id='word_1_155' title='bbox 1271 3596 1431 3707; x_wconf 90' lang='lat' dir='ltr'>Werne‚</span> <span class='ocrx_word' id='word_1_156' title='bbox 1460 3625 1557 3710; x_wconf 91' lang='lat' dir='ltr'>quas</span> <span class='ocrx_word' id='word_1_157' title='bbox 1584 3601 1632 3686; x_wconf 93' lang='lat' dir='ltr'>de</span> 
     </span>
     <span class='ocr_line' id='line_1_21' title="bbox 221 3730 1632 3845; baseline 0.006 -33"><span class='ocrx_word' id='word_1_158' title='bbox 221 3755 355 3814; x_wconf 89' lang='lat' dir='ltr'>eornm</span> <span class='ocrx_word' id='word_1_159' title='bbox 372 3731 529 3816; x_wconf 86' lang='lat' dir='ltr'>ecclesia</span> <span class='ocrx_word' id='word_1_160' title='bbox 545 3732 687 3842; x_wconf 89' lang='lat' dir='ltr'>impius</span> <span class='ocrx_word' id='word_1_161' title='bbox 704 3731 916 3814; x_wconf 85' lang='lat' dir='ltr'>Fridericus</span> <span class='ocrx_word' id='word_1_162' title='bbox 938 3730 1134 3840; x_wconf 88' lang='lat' dir='ltr'>qnondam</span> <span class='ocrx_word' id='word_1_163' title='bbox 1153 3755 1279 3814; x_wconf 90' lang='lat' dir='ltr'>comes</span> <span class='ocrx_word' id='word_1_164' title='bbox 1297 3730 1345 3814; x_wconf 91' lang='lat' dir='ltr'>de</span> <span class='ocrx_word' id='word_1_165' title='bbox 1363 3731 1550 3845; x_wconf 85' lang='lat' dir='ltr'>Isenburg</span> <span class='ocrx_word' id='word_1_166' title='bbox 1567 3745 1632 3820; x_wconf 90' lang='lat' dir='ltr'>te·</span> 
     </span>
     <span class='ocr_line' id='line_1_22' title="bbox 220 3863 1629 3976; baseline 0.004 -31"><span class='ocrx_word' id='word_1_167' title='bbox 220 3863 337 3948; x_wconf 89' lang='lat' dir='ltr'>nebat</span> <span class='ocrx_word' id='word_1_168' title='bbox 353 3865 394 3946; x_wconf 95' lang='lat' dir='ltr'>in</span> <span class='ocrx_word' id='word_1_169' title='bbox 411 3863 543 3972; x_wconf 86' lang='lat' dir='ltr'>feodo,</span> <span class='ocrx_word' id='word_1_170' title='bbox 564 3875 602 3949; x_wconf 89' lang='lat' dir='ltr'>et</span> <span class='ocrx_word' id='word_1_171' title='bbox 624 3891 723 3976; x_wconf 87' lang='lat' dir='ltr'>quae</span> <span class='ocrx_word' id='word_1_172' title='bbox 743 3891 812 3976; x_wconf 90' lang='lat' dir='ltr'>per</span> <span class='ocrx_word' id='word_1_173' title='bbox 834 3863 1060 3948; x_wconf 89' lang='lat' dir='ltr'>sententiam</span> <span class='ocrx_word' id='word_1_174' title='bbox 1082 3863 1235 3946; x_wconf 83' lang='lat' dir='ltr'>fuerant</span> <span class='ocrx_word' id='word_1_175' title='bbox 1253 3864 1303 3945; x_wconf 93' lang='lat' dir='ltr'>ad</span> <span class='ocrx_word' id='word_1_176' title='bbox 1325 3864 1428 3974; x_wconf 90' lang='lat' dir='ltr'>ipsos</span> <span class='ocrx_word' id='word_1_177' title='bbox 1445 3892 1629 3952; x_wconf 81' lang='lat' dir='ltr'>reversae.</span> 
     </span>
    </p>
   </div>
   <div class='ocr_carea' id='block_1_9' title="bbox 301 4077 1631 4377">
    <p class='ocr_par' dir='ltr' id='par_1_11' title="bbox 301 4077 1631 4377">
     <span class='ocr_line' id='line_1_23' title="bbox 301 4077 1631 4164; baseline 0.002 -21"><span class='ocrx_word' id='word_1_178' title='bbox 301 4081 466 4158; x_wconf 82' lang='lat' dir='ltr'>(Memorat.</span> <span class='ocrx_word' id='word_1_179' title='bbox 483 4099 533 4160; x_wconf 90' lang='lat' dir='ltr'>ap.</span> <span class='ocrx_word' id='word_1_180' title='bbox 548 4081 741 4162; x_wconf 74' lang='lat' dir='ltr'>hcomnmrr,</span> <span class='ocrx_word' id='word_1_181' title='bbox 758 4079 941 4143; x_wconf 74' lang='lat' dir='ltr'>Uriandenb.</span> <span class='ocrx_word' id='word_1_182' title='bbox 954 4080 1014 4161; x_wconf 82' lang='lat' dir='ltr'>Jitr</span> <span class='ocrx_word' id='word_1_183' title='bbox 1034 4079 1080 4141; x_wconf 78' lang='lat' dir='ltr'>dic</span> <span class='ocrx_word' id='word_1_184' title='bbox 1099 4077 1195 4143; x_wconf 75' lang='lat' dir='ltr'>caca.</span> <span class='ocrx_word' id='word_1_185' title='bbox 1216 4077 1265 4142; x_wconf 80' lang='lat' dir='ltr'>dea</span> <span class='ocrx_word' id='word_1_186' title='bbox 1281 4080 1444 4158; x_wconf 80' lang='lat' dir='ltr'>Niedcrrlc,</span> <span class='ocrx_word' id='word_1_187' title='bbox 1459 4099 1516 4144; x_wconf 79' lang='lat' dir='ltr'>arr.</span> <span class='ocrx_word' id='word_1_188' title='bbox 1531 4085 1631 4164; x_wconf 87' lang='lat' dir='ltr'>Band,</span> 
     </span>
     <span class='ocr_line' id='line_1_24' title="bbox 340 4187 1629 4269; baseline 0.003 -21"><span class='ocrx_word' id='word_1_189' title='bbox 340 4204 372 4266; x_wconf 84' lang='lat' dir='ltr'>p.</span> <span class='ocrx_word' id='word_1_190' title='bbox 387 4197 439 4260; x_wconf 76' lang='lat' dir='ltr'>aa,</span> <span class='ocrx_word' id='word_1_191' title='bbox 453 4195 516 4248; x_wconf 90' lang='lat' dir='ltr'>not.</span> <span class='ocrx_word' id='word_1_192' title='bbox 535 4197 569 4262; x_wconf 77' lang='lat'>23</span> <span class='ocrx_word' id='word_1_193' title='bbox 585 4190 638 4265; x_wconf 85' lang='lat' dir='ltr'>qul</span> <span class='ocrx_word' id='word_1_194' title='bbox 648 4188 769 4266; x_wconf 82' lang='lat' dir='ltr'>quidem</span> <span class='ocrx_word' id='word_1_195' title='bbox 781 4190 986 4250; x_wconf 85' lang='lat' dir='ltr'>tantummodo</span> <span class='ocrx_word' id='word_1_196' title='bbox 999 4190 1176 4250; x_wconf 84' lang='lat' dir='ltr'>sententiam</span> <span class='ocrx_word' id='word_1_197' title='bbox 1190 4187 1315 4250; x_wconf 76' lang='lat' dir='ltr'>Conraffl</span> <span class='ocrx_word' id='word_1_198' title='bbox 1328 4189 1428 4269; x_wconf 81' lang='lat' dir='ltr'>legati,</span> <span class='ocrx_word' id='word_1_199' title='bbox 1443 4189 1499 4252; x_wconf 87' lang='lat' dir='ltr'>sub</span> <span class='ocrx_word' id='word_1_200' title='bbox 1512 4200 1546 4250; x_wconf 84' lang='lat' dir='ltr'>n⁰</span> <span class='ocrx_word' id='word_1_201' title='bbox 1561 4200 1629 4267; x_wconf 80' lang='lat' dir='ltr'>tat,</span> 
     </span>
     <span class='ocr_line' id='line_1_25' title="bbox 340 4293 1255 4377; baseline 0.001 -23"><span class='ocrx_word' id='word_1_202' title='bbox 340 4295 373 4354; x_wconf 87' lang='lat' dir='ltr'>tn</span> <span class='ocrx_word' id='word_1_203' title='bbox 386 4295 534 4374; x_wconf 79' lang='lat' dir='ltr'>integrum</span> <span class='ocrx_word' id='word_1_204' title='bbox 548 4294 675 4356; x_wconf 83' lang='lat' dir='ltr'>exhibet.</span> <span class='ocrx_word' id='word_1_205' title='bbox 686 4293 784 4359; x_wconf 69' lang='lat' dir='ltr'>-Ct</span> <span class='ocrx_word' id='word_1_206' title='bbox 794 4296 936 4372; x_wconf 72' lang='lat' dir='ltr'>mmm,</span> <span class='ocrx_word' id='word_1_207' title='bbox 950 4295 1157 4377; x_wconf 78' lang='lat' dir='ltr'>Beitrnpc,11,</span> <span class='ocrx_word' id='word_1_208' title='bbox 1174 4295 1255 4372; x_wconf 73' lang='lat' dir='ltr'>tit.)</span> 
     </span>
    </p>
   </div>
   <div class='ocr_carea' id='block_1_10' title="bbox 224 4481 1629 4706">
    <p class='ocr_par' dir='ltr' id='par_1_12' title="bbox 224 4481 1629 4706">
     <span class='ocr_line' id='line_1_26' title="bbox 270 4481 1629 4580; baseline 0.005 -28"><span class='ocrx_word' id='word_1_209' title='bbox 270 4481 396 4554; x_wconf 85' lang='lat' dir='ltr'>Datum</span> <span class='ocrx_word' id='word_1_210' title='bbox 418 4505 510 4556; x_wconf 92' lang='lat' dir='ltr'>anno</span> <span class='ocrx_word' id='word_1_211' title='bbox 531 4482 703 4557; x_wconf 88' lang='lat' dir='ltr'>dominice</span> <span class='ocrx_word' id='word_1_212' title='bbox 720 4484 964 4557; x_wconf 87' lang='lat' dir='ltr'>incarnationis</span> <span class='ocrx_word' id='word_1_213' title='bbox 985 4483 1165 4556; x_wconf 90' lang='lat' dir='ltr'>millesimo</span> <span class='ocrx_word' id='word_1_214' title='bbox 1187 4483 1249 4555; x_wconf 89' lang='lat' dir='ltr'>CC.</span> <span class='ocrx_word' id='word_1_215' title='bbox 1267 4483 1394 4572; x_wconf 87' lang='lat' dir='ltr'>XXVI,</span> <span class='ocrx_word' id='word_1_216' title='bbox 1412 4483 1509 4580; x_wconf 91' lang='lat' dir='ltr'>apud</span> <span class='ocrx_word' id='word_1_217' title='bbox 1525 4487 1629 4558; x_wconf 88' lang='lat' dir='ltr'>Fran·</span> 
     </span>
     <span class='ocr_line' id='line_1_27' title="bbox 224 4604 1149 4706; baseline 0.002 -29"><span class='ocrx_word' id='word_1_218' title='bbox 224 4604 375 4690; x_wconf 73' lang='lat' dir='ltr'>lienium,</span> <span class='ocrx_word' id='word_1_219' title='bbox 392 4608 442 4680; x_wconf 87' lang='lat' dir='ltr'>IX</span> <span class='ocrx_word' id='word_1_220' title='bbox 459 4608 624 4682; x_wconf 86' lang='lat' dir='ltr'>kalendas</span> <span class='ocrx_word' id='word_1_221' title='bbox 639 4611 766 4700; x_wconf 89' lang='lat' dir='ltr'>martii,</span> <span class='ocrx_word' id='word_1_222' title='bbox 787 4608 974 4684; x_wconf 91' lang='lat' dir='ltr'>indictione</span> <span class='ocrx_word' id='word_1_223' title='bbox 988 4609 1065 4682; x_wconf 86' lang='lat' dir='ltr'>xtll</span> <span class='ocrx_word' id='word_1_224' title='bbox 1084 4606 1149 4706; x_wconf 88' lang='lat' dir='ltr'>(c).</span> 
     </span>
    </p>
   </div>
   <div class='ocr_carea' id='block_1_11' title="bbox 261 4777 892 4861">
    <p class='ocr_par' dir='ltr' id='par_1_13' title="bbox 261 4777 892 4861">
     <span class='ocr_line' id='line_1_28' title="bbox 261 4777 892 4861; baseline 0.011 -26"><span class='ocrx_word' id='word_1_225' title='bbox 261 4777 303 4855; x_wconf 84' lang='lat' dir='ltr'>(a)</span> <span class='ocrx_word' id='word_1_226' title='bbox 321 4777 447 4841; x_wconf 86' lang='lat' dir='ltr'>lndtctto</span> <span class='ocrx_word' id='word_1_227' title='bbox 459 4787 560 4842; x_wconf 89' lang='lat' dir='ltr'>tamen</span> <span class='ocrx_word' id='word_1_228' title='bbox 576 4779 715 4844; x_wconf 82' lang='lat' dir='ltr'>mendosa</span> <span class='ocrx_word' id='word_1_229' title='bbox 726 4797 781 4861; x_wconf 87' lang='lat' dir='ltr'>pro</span> <span class='ocrx_word' id='word_1_230' title='bbox 794 4781 892 4844; x_wconf 79' lang='lat' dir='ltr'><em>XIIII.</em></span> 
     </span>
    </p>
   </div>
   <div class='ocr_carea' id='block_1_12' title="bbox 0 0 2168 5908">
    <p class='ocr_par' dir='ltr' id='par_1_14' title="bbox 0 0 2168 5908">
     <span class='ocr_line' id='line_1_29' title="bbox 0 0 2168 5908; baseline 0 0"><span class='ocrx_word' id='word_1_231' title='bbox 0 0 2168 5908; x_wconf 95' lang='lat' dir='ltr'> </span> 
     </span>
    </p>
   </div>
  </div>
 </body>
</html>
