4326 5910
184 653 285 715 luetur.
303 649 364 732 la]
632 648 827 713 HISTORIA
849 645 1143 712 utunoltuulcn

854 925 920 997 lll.

233 1160 309 1231 Rex
324 1157 433 1231 nobili
448 1157 525 1232 viro
542 1167 576 1230 et
592 1157 704 1233 emico
721 1157 901 1232 karissimo
917 1155 999 1230 duci
1018 1154 1175 1247 Austris,
1195 1155 1352 1228 salutern.
1369 1153 1462 1226 Bene
1478 1151 1596 1224 recolit

186 1281 441 1378 magnificentie
460 1291 575 1355 vestre
597 1283 744 1378 qualiter
765 1283 907 1355 misistis
928 1279 973 1354 ed
993 1303 1055 1355 uos
1069 1278 1275 1374 jamdudum
1301 1277 1441 1350 nuntios
1465 1285 1597 1350 vestros

189 1430 250 1502 pro
270 1409 450 1502 maritagio
469 1407 560 1481 inter
574 1427 638 1480 nos
656 1403 814 1480 etlilium
830 1418 994 1479 vestram.
1013 1407 1155 1502 Propter
1173 1403 1268 1500 quod
1287 1403 1453 1476 mittimus
1471 1400 1517 1474 ad
1535 1423 1597 1474 vos

189 1533 332 1606 dilectos
355 1545 390 1606 et
409 1533 595 1606 familiares
616 1545 749 1606 nostros
771 1533 973 1628 magistrum
995 1531 1180 1604 Hemicum
1202 1527 1444 1603 cancellarium
1465 1525 1600 1601 londo·

188 1676 332 1730 neonem
357 1665 392 1730 et
415 1658 618 1732 Nioholaum
645 1657 692 1732 de
719 1657 819 1746 Molis
847 1657 1010 1747 militem,
1039 1657 1085 1731 ad
1110 1655 1326 1730 audiendum
1355 1651 1439 1727 inde
1462 1653 1598 1749 plenam

190 1777 401 1849 uoluntatem
422 1786 573 1850 vestram
595 1787 630 1850 ct
650 1775 890 1850 remittendam
911 1799 988 1850 eam
1003 1775 1192 1848 venerabili
1211 1774 1300 1870 patri
1318 1775 1377 1874 W.
1394 1771 1599 1846 Carleolensi

189 1901 351 1996 episeopo
371 1909 406 1974 et
428 1901 562 1974 dilectis
585 1901 747 1975 iratribus
768 1903 862 1976 fiatri
881 1901 924 1975 A.
946 1875 1109 1996 magistro
1131 1901 1251 1973 militie
1265 1899 1396 1996 Templi
1416 1899 1453 1970 in
1475 1895 1601 1994 Anglia

190 2033 225 2098 et
239 2026 334 2098 fratri
349 2027 392 2099 R.
410 2025 514 2123 priori
531 2026 710 2123 hospitalis
724 2028 910 2101 Jerusalem
926 2027 963 2098 in
980 2026 1123 2120 Anglie,
1143 2047 1232 2122 quos
1249 2025 1406 2097 misimus
1423 2023 1470 2098 ad
1488 2031 1601 2120 partes

190 2150 410 2242 Alemannis,
429 2153 558 2246 quibus
571 2152 708 2249 plenius
723 2153 950 2250 exposuimus
965 2151 1047 2225 inde
1065 2151 1275 2225 voluntatem
1291 2157 1454 2224 nostram.
1473 2149 1601 2224 Causas

190 2285 307 2348 autem
323 2285 464 2374 propter
486 2299 574 2372 quas
593 2277 737 2350 dilatum
762 2278 829 2350 luit
853 2285 984 2352 certum
1010 2299 1212 2374 responsum
1237 2285 1392 2350 nostrum
1411 2297 1514 2374 super
1535 2273 1601 2348 hoc

190 2401 350 2496 negotio,
378 2401 524 2500 predicti
548 2405 716 2478 Heuricus
742 2413 777 2478 et
798 2404 984 2478 Nicholaus
1005 2404 1142 2502 plenius
1165 2403 1266 2480 vobis
1289 2409 1477 2500 exponent.
1504 2401 1603 2474 Teste

191 2525 334 2600 domiuo
351 2527 588 2602 cantuariensi
604 2529 872 2628 archiepiscopo,
891 2529 987 2626 apud
1004 2530 1159 2622 london,
1172 2530 1217 2602 ill
1229 2528 1287 2604 die
1299 2527 1469 2622 januarii,
1487 2548 1602 2601 coram

192 2653 412 2746 magnatibus
430 2651 475 2726 de
494 2655 639 2728 concilio
654 2663 783 2730 nostro.

248 3305 454 3412 Henricus,
474 3305 734 3390 Romanorum
751 3333 837 3415 rex,
857 3308 907 3392 ed
926 3307 1239 3417 supplicationem
1256 3308 1439 3392 (luidonis
1457 3307 1605 3392 abbatis
1692 3331 1778 3426 dum.

195 3441 244 3524 de
259 3441 414 3550 Ceppel,
425 3441 466 3522 in
478 3441 709 3551 protectione
727 3467 798 3526 sue
816 3442 972 3552 suscipit
989 3443 1177 3553 quidquid
1190 3443 1263 3526 hoc
1276 3445 1549 3558 monesterium
1565 3445 1605 3526 in
1687 3439 1753 3471 ''²¹²‘'
1773 3453 1779 3468 '

196 3574 346 3685 Turego
364 3576 458 3658 etin
474 3575 648 3658 districtu
664 3574 747 3686 ejus
765 3576 950 3686 possidet,
970 3575 1208 3684 peculiariter
1225 3577 1383 3660 domum
1407 3579 1457 3662 ed
1482 3578 1606 3689 ripum
1697 3682 1700 3688 ι

196 3708 367 3792 lluminis
381 3707 492 3820 juxto
508 3719 663 3818 pontem
681 3719 956 3816 constructam,
976 3722 1013 3795 et
1030 3713 1160 3796 omnis
1175 3739 1273 3822 quae
1291 3714 1331 3794 in
1349 3713 1522 3798 futurum
1541 3716 1605 3799 le-

196 3839 332 3950 gitimo
350 3843 466 3927 modo
491 3843 684 3954 acquirere
700 3845 856 3954 poterit,
876 3846 1049 3928 eamdem
1071 3846 1265 3929 ecclesiam
1286 3847 1391 3930 omni
1414 3849 1606 3933 exactione

197 3973 238 4055 in
256 3983 480 4085 perpetuum
499 3979 681 4062 eximens.

280 4219 447 4292 (Memorat.
469 4235 488 4282 n
509 4219 619 4284 uren
631 4239 693 4284 vor
705 4225 852 4298 hortu,
868 4225 988 4303 urget.
1009 4241 1058 4302 ep.
1073 4221 1242 4306 Arctiositr
1254 4223 1391 4288 succe.
1410 4225 1518 4306 dcccl,
1533 4235 1557 4291 t.
1573 4229 1602 4305 l,

320 4342 351 4403 r·
367 4325 431 4403 ⁹⁰·)

249 4541 360 4634 Hujus
374 4541 423 4614 rei
441 4551 544 4616 testes
557 4555 650 4638 sunt,
670 4555 736 4618 etc.

249 4667 375 4741 Datum
390 4668 487 4765 apud
502 4671 689 4766 Turegnm,
706 4671 781 4746 Vlll
799 4671 880 4746 idus
894 4673 1057 4767 januarii,
1078 4673 1266 4749 indictione
1282 4675 1373 4747 Xlll.

301 4885 437 4950 limma.
1395 4910 1452 4964 104
