4324 5916
527 570 590 634 916
1080 571 1392 638 Altnlrastutlrlt

528 707 711 780 Mulatium
738 705 789 804 (c)
813 730 892 782 cum
924 717 995 782 tota
1020 709 1133 802 curia,
1164 709 1330 787 Zexulam
1354 705 1402 803 (l)
1430 727 1511 780 cum
1539 711 1611 780 tota
1635 703 1748 794 curia,
1773 705 1941 780 Filluterie

527 839 683 926 quartam
699 841 830 927 partem
842 831 943 908 castri
954 843 990 908 et
1007 833 1115 924 curie,
1128 834 1315 908 Bolvedere
1324 854 1405 905 cum
1419 839 1491 904 tota
1508 830 1618 922 curia,
1632 837 1792 924 quartam
1809 840 1939 926 partem

526 955 652 1029 Montis
664 955 786 1051 Longi,
798 956 889 1030 Cerri
905 976 985 1030 cum
998 963 1078 1031 tota
1091 959 1200 1049 curia,
1216 967 1375 1053 quartam
1394 965 1526 1052 partem
1542 955 1639 1028 curie
1651 953 1697 1027 de
1710 952 1879 1046 Cumau0;
1903 956 1939 1027 iu

526 1079 617 1154 valle
632 1080 756 1171 Tauri,
774 1081 899 1154 Carum
916 1104 996 1154 cum
1012 1091 1082 1156 tota
1099 1083 1216 1172 curia,
1237 1083 1382 1156 Pilatum
1399 1103 1486 1174 cum¹
1496 1089 1566 1154 tota
1583 1079 1680 1152 curia
1696 1078 1741 1152 de
1755 1079 1937 1170 Galbetiui,

526 1203 751 1300 Complauum
761 1227 842 1278 cum
854 1215 927 1280 tota
940 1207 1049 1299 curia,
1066 1209 1277 1303 Fastagium,
1291 1205 1492 1301 Bedoguam
1507 1227 1586 1278 cum
1600 1215 1671 1278 tcta
1682 1205 1792 1294 curia,
1806 1205 1938 1278 Petram

526 1327 679 1401 Rubeam
694 1351 774 1401 cum
794 1339 863 1404 tota
879 1331 988 1420 curia,
1005 1331 1129 1404 Carexi
1142 1354 1223 1405 eum
1235 1333 1399 1405 omuibus
1413 1351 1484 1426 que
1500 1326 1630 1402 habeut
1647 1329 1685 1400 iu
1702 1327 1812 1420 curia,
1828 1330 1939 1401 Sexc-

524 1451 630 1548 guuui
644 1452 689 1550 (c)
703 1477 782 1527 cum
798 1464 868 1528 tota
879 1457 989 1548 curia,
1004 1453 1178 1530 Melletum
1194 1479 1272 1528 cum
1288 1463 1359 1530 tota
1372 1457 1468 1529 curia
1483 1463 1517 1529 et
1528 1453 1751 1548 Pigarollum,
1768 1451 1937 1546 Tegillum

525 1597 605 1648 cum
623 1585 693 1649 tota
711 1579 808 1651 curia
824 1587 859 1652 el
877 1577 1046 1676 pedagio,
1066 1579 1282 1654 llloutobium
1306 1601 1387 1653 cum
1413 1587 1485 1652 tota
1507 1579 1623 1667 curia;
1648 1575 1685 1648 iu
1709 1575 1801 1649 valle
1818 1577 1938 1649 Trebie

524 1711 674 1774 montem
686 1703 839 1775 Brunum
850 1725 929 1776 cum
940 1713 1010 1778 tota
1021 1705 1131 1807 curia,
1140 1705 1282 1778 Crucem
1294 1725 1375 1777 cum
1387 1711 1457 1777 tota
1469 1703 1567 1775 curia
1578 1709 1614 1774 et
1626 1699 1789 1797 pedagio,
1801 1699 1936 1774 Caraca

525 1835 598 1897 tum
611 1835 769 1902 cumtota
782 1827 890 1921 curia,
901 1829 1028 1902 chum
1042 1851 1122 1902 cum
1135 1837 1206 1902 tota
1216 1827 1326 1920 curia,
1337 1829 1481 1901 Zerbam
1495 1847 1574 1900 cum
1585 1835 1656 1898 tota
1666 1825 1776 1916 curia,
1788 1835 1935 1899 montem

523 1950 686 2023 Anulum
703 1947 752 2047 (ri)
769 1973 849 2025 cum
869 1961 939 2026 tota
959 1954 1069 2042 curia,
1090 1952 1237 2026 Ouetum
1252 1973 1332 2024 cum
1351 1959 1421 2025 tcta
1440 1949 1549 2042 curia,
1566 1957 1635 2022 tres
1650 1957 1766 2044 partes
1780 1949 1937 2042 Brugua-

524 2074 603 2146 nelli
608 2129 618 2166 ,
630 2075 759 2148 castelli
771 2085 806 2150 et
814 2077 921 2169 curie,
929 2077 1062 2150 Petram
1073 2077 1218 2150 Cervam
1233 2099 1314 2150 cum
1328 2085 1397 2150 tota
1413 2076 1522 2166 curia,
1534 2075 1669 2148 Petram
1678 2071 1849 2146 Fillariam
1860 2095 1935 2145 cum

524 2207 595 2271 tota
616 2199 730 2289 curia,
749 2199 954 2272 Vixirauum
972 2224 1052 2274 cum
1070 2211 1140 2274 tota
1156 2203 1271 2285 curia,
1289 2201 1420 2274 curiam
1443 2201 1489 2274 de
1502 2199 1643 2287 Fillluo‚
1663 2197 1880 2270 llobbiauum
1893 2193 1935 2292 (c)

524 2343 605 2394 cum
631 2331 703 2395 tota
725 2323 851 2416 curia,¹
868 2324 988 2397 Ozexii
1014 2333 1083 2398 tres
1110 2337 1225 2421 partes
1247 2326 1377 2399 castelli
1401 2336 1436 2398 et
1466 2325 1579 2415 curie,
1608 2323 1783 2416 Rivalgari
1805 2323 1935 2395 tertiam

523 2453 657 2541 partem
671 2447 801 2520 castelli
817 2457 851 2520 et
867 2447 975 2537 curie,
993 2449 1166 2522 Rivaltum
1185 2471 1265 2522 cum
1284 2459 1356 2522 tota
1372 2449 1483 2542 curia,
1499 2447 1721 2522 medietatem
1740 2445 1933 2540 Graguaue‚

523 2569 655 2642 castelli
668 2579 702 2643 et
713 2571 820 2660 curie,
830 2573 993 2646 Sanctum
1005 2573 1144 2647 Petrum
1155 2575 1190 2645 iu
1200 2574 1303 2648 Cerrc
1317 2595 1398 2672 cum
1411 2581 1481 2646 tuta
1492 2573 1601 2663 curia,
1611 2571 1748 2644 Curtem
1758 2569 1931 2662 maJ'orem,

523 2691 660 2766 Curtcm
680 2693 725 2768 de
747 2697 862 2770 Verus
881 2707 916 2770 et
940 2698 1057 2770 omnia
1080 2719 1150 2793 que
1174 2697 1306 2772 habeut
1327 2699 1364 2770 iu
1388 2697 1510 2770 Carolo
1534 2717 1614 2768 cum
1632 2693 1883 2792 piscationibus
1903 2699 1935 2764 et

522 2817 685 2912 ripatico,
705 2817 881 2917 Groppum
903 2821 1096 2895 Dichauum
1115 2821 1167 2918 (s)
1184 2845 1264 2894 eum
1289 2831 1359 2896 tota
1382 2821 1498 2913 curia,
1520 2819 1664 2892 Gazlum
1682 2826 1717 2892 et
1731 2817 1849 2892 omnia
1869 2837 1934 2912 qus

521 2939 654 3016 habeut
671 2942 717 3017 de
733 2945 813 3036 jure
830 2945 868 3016 iu
883 2945 1059 3020 Placentia
1078 2947 1114 3018 iu
1130 2947 1269 3020 civitate
1282 2955 1318 3019 et
1336 2945 1498 3021 comitatu
1523 2955 1558 3018 et
1577 2943 1693 3018 omnia
1716 2965 1787 3038 que
1809 2941 1934 3015 habeut

523 3065 560 3137 iu
585 3066 787 3164 episcopatu
815 3077 851 3142 et
868 3071 1031 3144 comitatu
1050 3069 1289 3158 Cremonensi,
1314 3071 1528 3144 Sollarollum
1553 3067 1602 3166 (9)
1622 3089 1702 3140 cum
1728 3077 1799 3140 tcta
1825 3065 1930 3156 curia,

524 3199 685 3284 quartam
709 3201 840 3286 partem
866 3193 1064 3286 Vidaliaue,
1090 3205 1248 3289 quartam
1272 3205 1405 3290 partem
1430 3193 1582 3268 Caxallis
1604 3189 1759 3286 majoris,
1779 3199 1932 3288 quartam

524 3321 657 3410 partem
674 3315 854 3410 Rivarolli3
872 3317 908 3390 iu
925 3319 1018 3392 valle
1029 3320 1160 3394 Stalule
1174 3319 1309 3392 Petram
1322 3317 1450 3392 Gruam
1466 3339 1546 3392 cum
1559 3327 1632 3392 tota
1647 3315 1758 3409 curia,
1777 3317 1931 3388 Sanctam

523 3439 745 3533 Margaritam
762 3463 842 3514 cum
862 3451 931 3516 tota
947 3443 1058 3536 curia,
1074 3440 1338 3538 Miughouigam
1355 3443 1477 3518 cellam
1494 3465 1574 3516 cum
1590 3451 1659 3516 tuta
1674 3439 1789 3533 curia,
1804 3439 1932 3514 lloule·

521 3563 644 3637 lenem
665 3585 744 3637 cum
762 3575 833 3639 tota
856 3567 968 3660 curia,
986 3567 1175 3642 Niviouum
1192 3589 1272 3641 cum
1288 3579 1359 3643 tota
1381 3567 1495 3661 curia,
1518 3565 1740 3641 Auramalam
1764 3585 1845 3638 cum
1866 3573 1931 3636 tuta

522 3687 633 3776 curia,
654 3687 789 3762 Petrum
806 3713 886 3764 cum
904 3701 975 3766 tota
995 3692 1110 3786 curia,
1128 3693 1320 3766 Sallianum
1333 3715 1413 3766 cum
1432 3702 1503 3766 tcta
1520 3691 1630 3783 curia,
1645 3687 1837 3763 Caxallassi
1854 3707 1928 3761 cum

521 3819 594 3884 tcta
612 3812 729 3904 curia,
748 3813 986 3890 Pisedecorem
1000 3816 1050 3914 (lt)
1060 3839 1149 3890 cum
1168 3823 1240 3892 tota
1255 3817 1370 3910 curia,
1387 3817 1617 3892 Calciuamam
1634 3835 1715 3889 cum
1730 3823 1801 3889 tcta
1822 3811 1925 3900 curia,

561 3961 598 4040 (a)
618 3963 654 4023 lu
668 3961 761 4024 alteru
773 3957 976 4028 Matusarum.

561 4065 599 4147 lb)
618 4068 732 4131 Ibidem
746 4067 885 4134 Gcaclam.

562 4171 600 4255 (c)
618 4173 734 4238 lbltlcm
747 4177 885 4260 Smyrna.

561 4278 600 4360 (d)
618 4281 733 4344 lbldam
745 4291 872 4346 mcatcm
888 4279 998 4348 ceos.

561 4384 596 4467 (c)
616 4387 729 4450 lbldem
742 4389 916 4454 Bellunum.

561 4493 604 4576 (l)
618 4494 732 4557 Ibldn
745 4497 910 4578 Qucum.

562 4601 598 4682 (ᾳ)
617 4600 732 4664 Iblrlem
751 4599 932 4668 Dcluzolcm.

563 4703 600 4785 (lt)
619 4707 733 4771 Ibidem
743 4709 815 4771 Pirc
832 4709 867 4772 dc
886 4713 985 4774 Coma
1001 4711 1053 4796 (t).
