4330 5914
526 550 588 614 '154
1052 548 1223 612 IlElllllCl
1248 549 1414 613 scrutur
1752 547 1832 634 [dus.
1854 547 1949 611 1223.

465 739 469 744 -
578 685 747 762 Videlicet
767 689 997 784 Marquardus
1014 689 1128 762 scriba
1145 687 1256 784 regis,
1275 686 1457 762 Cunradus
1479 686 1643 783 piuooma
1664 685 1710 762 de
1725 687 1948 762 wlstanus

531 823 607 900 ten,
638 814 861 888 Burchardus
889 814 934 889 de
963 813 1218 904 llohenburoh,
1244 812 1379 886 Ulrious
1406 811 1451 886 de
1477 813 1723 907 Hagenouwe,
1747 811 1949 886 Woltherus

531 937 686 1012 minister
700 939 745 1012 de
762 940 888 1013 Vulma
903 937 1000 1036 (sic),
1016 939 1199 1012 Heinricus
1220 938 1377 1010 minister
1396 937 1443 1012 de
1465 936 1706 1031 lllaumingen,
1724 937 1950 1010 dermannus

531 1062 686 1135 minister
700 1061 745 1135 do
762 1063 993 1158 Schongoiwe
1010 1071 1043 1136 et
1060 1062 1119 1136 alii
1137 1063 1376 1157 quamplures.

580 1189 706 1261 Datum
728 1187 847 1282 Ulme,
867 1209 958 1262 anno
983 1187 1227 1262 incarnationis
1250 1187 1387 1260 Domini
1410 1187 1592 1262 millesimo
1608 1184 1782 1277 CCXXIII,
1802 1186 1868 1258 XV
1887 1185 1950 1260 lra-

533 1313 654 1386 lendas
671 1313 797 1406 martii,
815 1313 1004 1389 indictione
1019 1313 1080 1406 XI,
1097 1321 1263 1408 regnanto
1278 1313 1437 1386 Heinrioo
1452 1313 1612 1410 septimo.

770 1643 1713 1656 *u———n-t-o-——n--m

366 1981 484 2080 mlh.
586 1949 796 2060 ilenrious,
815 1953 1076 2038 Romanorum
1106 1977 1197 2058 rex,
1226 1950 1386 2035 mandat
1402 1975 1451 2034 ne
1477 1949 1566 2061 quis
1591 1949 1780 2032 damnum
1809 1945 1953 2032 inierat

469 2107 476 2124 ·
533 2087 764 2172 monasterio
790 2089 839 2171 de
864 2087 964 2172 Roth
991 2115 1106 2199 super
1131 2097 1238 2172 curte
1263 2089 1305 2170 in
1331 2087 1587 2197 ldemmingen
1613 2111 1732 2196 quam
1754 2084 1801 2170 ll.
1827 2108 1951 2196 proe-

532 2221 680 2330 positus
705 2222 755 2306 de
777 2221 982 2332 Schongan
1003 2223 1127 2307 eidem
1148 2221 1380 2307 monasterio
1397 2219 1639 2305 contradidit.

617 2465 736 2538 (lnedtt.
750 2481 789 2527 ex
803 2466 940 2544 ortglnalt
953 2468 986 2526 tn
999 2467 1119 2528 archlvo
1133 2467 1305 2546 stuttgart,
1319 2465 1407 2528 uobls
1419 2481 1439 2527 a
1450 2465 1593 2528 Kamloro
1606 2465 1834 2528 communicato.
1855 2461 1952 2542 sigtr-

656 2571 719 2634 lum
731 2573 833 2651 porllt,
847 2573 1066 2637 remanentibus
1077 2580 1194 2638 uncum
1208 2575 1322 2654 aliquot
1332 2573 1450 2636 morum
1460 2573 1602 2649 lodulls.)

585 2787 628 2858 ll.
650 2787 712 2860 Dei
730 2789 840 2884 gratia
857 2790 1089 2864 Romanorum
1110 2811 1175 2865 rex
1200 2799 1235 2864 ot
1259 2811 1396 2886 semper
1418 2798 1606 2886 augustus,
1627 2786 1800 2862 universis
1815 2784 1953 2884 imperii

537 2909 699 2986 fidelibus
714 2915 844 3010 quibus
857 2913 1031 2991 heelitere
1049 2926 1185 2990 ostense
1196 2917 1342 3009 luerint,
1360 2916 1505 3012 gratiam
1520 2938 1620 2990 suam
1638 2925 1673 2990 et
1685 2935 1790 2988 omno
1802 2913 1950 2987 bonum.

536 3037 813 3132 significandum
830 3039 999 3115 duxImus
1017 3041 1118 3116 vobis
1130 3041 1226 3136 quod
1243 3040 1356 3114 fidelis
1372 3051 1488 3116 noster
1504 3043 1546 3116 lt.
1566 3042 1759 3138 prepositus
1776 3040 1824 3115 de
1840 3039 1955 3112 Scho-

536 3185 688 3258 nengow
706 3163 826 3238 divine
842 3166 1039 3240 tributionis
1065 3167 1191 3240 intuitu
1212 3190 1274 3264 per
1297 3189 1422 3242 manus
1438 3167 1498 3266 ple
1512 3165 1759 3242 reeordationis
1773 3161 1956 3240 Weldouis

537 3286 638 3388 ducis
656 3289 785 3363 Suavis
812 3299 943 3364 curtem
968 3313 1075 3366 unam
1096 3293 1132 3366 in
1154 3293 1408 3388 lllaemmingeu
1425 3293 1633 3368 monasterio
1645 3292 1692 3367 de
1709 3293 1795 3366 Rota
1812 3299 1956 3366 contra-

538 3413 648 3506 dIdit;
676 3437 782 3512 quam
814 3417 1020 3492 secundario
1048 3439 1110 3514 per
1141 3440 1266 3492 manus
1293 3428 1427 3492 nostras
1455 3419 1610 3515 predicto
1640 3417 1850 3492 monasterio
1875 3437 1956 3490 cum

538 3539 694 3636 plenaria
715 3541 860 3615 contulit
885 3542 1114 3638 possessione.
1131 3544 1337 3619 llandamus
1365 3545 1472 3639 igitur
1496 3545 1564 3618 sub
1590 3565 1682 3641 pena
1706 3543 1816 3638 gratie
1840 3550 1957 3616 nosue

541 3663 693 3740 dIstriote
710 3667 940 3766 precipientes
958 3677 998 3741 ut
1015 3669 1132 3742 nullus
1153 3657 1199 3743 sit
1222 3671 1284 3767 qui
1307 3693 1414 3768 super
1435 3670 1502 3745 hiis
1521 3669 1687 3744 fratribus
1714 3663 1956 3765 prememorati

541 3792 740 3866 monasterii
757 3792 949 3890 dampnum
972 3794 1116 3891 aliquod
1139 3797 1264 3872 inserat
1289 3798 1346 3872 vel
1371 3797 1673 3896 impedimentum.
1689 3793 1793 3884 Quod
1815 3795 1879 3890 qai
1906 3793 1957 3866 fe·

542 3915 646 4011 cerit,
675 3917 948 4014 indignationem
971 3921 1217 4020 omnipotentis
1237 3924 1301 3997 Dei
1325 3931 1360 3996 et
1382 3933 1498 4000 nosue
1521 3921 1708 4018 majestatis
1728 3919 1896 3994 offensam
1920 3935 1958 3990 se

543 4042 679 4116 noverit
701 4044 853 4138 graviter
871 4045 1070 4120 incurrisse.
1088 4045 1146 4120 Ad
1170 4047 1277 4142 huius
1299 4047 1350 4123 rei
1376 4057 1504 4124 certam
1528 4045 1740 4124 evidendam
1763 4050 1958 4141 presentem

544 4177 674 4242 cartam
692 4169 806 4264 sigillo
821 4179 937 4246 nostm
951 4171 1120 4266 jussimus
1137 4171 1357 4248 communiri.

593 4293 710 4367 Testes
737 4293 843 4387 hujus
868 4294 918 4368 rei
945 4305 1026 4369 suut
1053 4296 1089 4369 S.
1118 4294 1347 4394 Augustensis
1379 4297 1578 4394 epIscopus,
1603 4297 1642 4368 L.
1669 4293 1745 4368 dux
1776 4279 1955 4383 oswine,

546 4419 709 4515 magister
733 4419 782 4492 Μ.
800 4421 975 4513 notarius,
1003 4420 1045 4494 Ε.
1076 4420 1211 4518 dapifer
1238 4422 1284 4497 de
1310 4423 1492 4518 wulpam,
1514 4420 1638 4495 Dietho
1656 4419 1703 4493 de
1718 4417 1954 4512 ltnvinspurc,

546 4545 767 4618 Burchardus
784 4545 829 4619 de
846 4545 1067 4639 llohinburc‚
1085 4546 1181 4621 Cuno
1207 4547 1251 4622 de
1278 4550 1499 4640 Sumerowe,
1520 4545 1702 4620 Cunradus
1725 4541 1899 4640 Spisarius
1923 4548 1957 4615 et

546 4670 605 4744 alii
624 4670 860 4766 quamplures.
